2087 3610
634 244 1202 320 Philosophico-Politica.
1710 261 1780 314 99

69 349 173 375 emas.
222 334 318 385 Qid
327 332 420 371 enim
429 330 568 373 seceris,
586 331 811 381 ssexpugnata
820 333 961 368 Bellona
975 331 1071 367 Pacis
1087 330 1204 365 fanum
1221 325 1369 375 aperias,
1383 324 1638 375 consraffisque
1663 327 1782 364 Marti·

70 388 175 424 alibus
184 385 313 435 spiculis
322 384 495 431 oleaginas
507 380 621 417 nechs
630 392 779 417 coronas
788 380 802 419 ξ’
827 378 1084 416 funestissimam
1095 379 1191 427 regni
1201 376 1342 412 nostem
1351 375 1520 429 serenabis
1528 399 1537 415 ,
1546 386 1712 411 terrarum
1725 378 1780 412 sua

69 435 253 471 al'elicitate
262 432 557 468 detrudendarum
576 430 792 477 naufragium
808 440 958 468 avertes,
975 428 1114 465 Civium
1125 423 1572 475 urbiumquelepulchrum,
1586 424 1779 478 incolarum

67 480 506 531 tyrannidem,calamitatis
517 479 870 518 Iliadem,cruentum
888 477 919 511 T
921 475 1031 524 rojani
1047 476 1125 523 equi
1147 473 1404 526 puerperium&
1421 473 1545 507 sinibus
1559 481 1626 506 turs
1643 473 1685 525 ad
1697 472 1774 508 ulti-

66 543 144 568 mos
152 541 258 578 usque
266 528 490 564 Garamantas
499 526 698 576 proscribes,
749 526 876 573 Neque
887 526 996 561 deerit
1005 536 1122 561 tamen
1131 533 1188 558 aut
1199 521 1279 569 justi
1298 520 1375 556 belh
1385 521 1471 555 ratio
1479 543 1489 560 ,
1503 529 1562 555 aut
1575 522 1773 567 exasperan-

65 577 423 628 tis,provocantisque
431 576 538 612 hostis
547 574 730 619 insultatio.
781 574 916 622 Qodfi
926 574 968 608 ad
976 585 1069 608 arma
1088 571 1229 608 coactus
1246 569 1367 610 tueris,
1384 568 1529 616 qualiter
1544 568 1777 605 Othomanna

64 628 162 664 Luna
169 623 478 674 liepisssinAustriae
487 622 605 659 solem
614 621 848 670 eclipsandum
862 634 995 658 cornua
1005 621 1126 670 erigit,
1135 632 1228 655 arma
1242 618 1368 665 arripe,
1382 627 1416 652 at
1432 628 1506 652 non
1522 617 1579 652 nili
1597 616 1693 652 Pacis
1709 617 1775 652 ssu-

64 676 124 712 dio
153 673 319 710 rehende.
370 673 533 710 Erittunc
548 667 794 721 gloriofiffimae
805 669 903 712 Pacis
917 667 1101 706 certiffima
1115 670 1205 716 lpcS,
1227 667 1308 715 quia
1321 665 1457 701 nonnifi
1472 666 1550 701 Deo
1576 666 1775 705 entheatus,

55 716 262 774 justitiaque
268 717 701 767 thorace'cataphra&usin
709 730 871 768 campum
881 718 1054 766 procedis,
1102 718 1135 752 T
1137 726 1195 752 ota
1205 715 1368 763 equidem
1384 724 1469 750 tunc
1484 713 1779 762 Gigantomachia

26 761 31 763 l
58 768 166 818 ruptis
175 778 248 803 orci
256 768 479 808 rudentibus,
490 767 775 850 t'otaCyclopum
791 765 934 803 officina
957 766 1070 815 stygiis
1084 765 1104 801 ὲ
1124 765 1268 802 caminis
1282 762 1430 812 prosiliat
1442 785 1452 803 ,
1478 763 1593 797 omnis
1601 761 1782 797 Bistonum

701 827 710 850 1

59 815 186 856 ferocia
193 815 381 864 compactis
389 816 516 853 viribus
525 816 682 865 exsurgat
713 825 785 851 cet:
809 814 943 851 videbit
950 815 1042 851 orbis
1052 814 1088 850 ὅ(
1101 813 1294 852 mirabitur,
1308 809 1403 859 posse
1417 822 1459 846 ex
1473 810 1581 846 Lunae
1601 809 1778 845 refractio-

57 875 104 900 ne
117 862 214 902 Pacis
238 863 549 905 Itidem-colorari,
571 864 667 900 exitu
686 863 840 913 glorioso
855 876 867 909 3
893 864 973 911 quia
989 875 1061 898 non
1078 861 1191 910 potest
1208 872 1280 896 non
1293 871 1376 896 curn
1392 859 1488 894 lauro
1505 858 1582 894 olea
1598 858 1750 894 crescere
1764 879 1776 898 ,

18 916 23 920 “
55 909 440 960 ubiPacisamatorno'n
454 914 673 963 provocans,
699 913 974 962 sedprovocatus
985 911 1126 959 Justitiae
1143 909 1244 946 titulo
1263 917 1396 957 pugnat
1409 930 1420 951 ,
1445 907 1525 944 alias
1543 907 1723 956 quieturus
1738 906 1775 942 in

55 957 154 998 Pace.

468 1098 473 1103 -
536 1052 1097 1140 :QUAESTIO
1141 1053 1301 1121 v111.

239 1158 323 1217 De
350 1153 567 1228 insolitis·
579 1197 595 1217 ,
618 1175 678 1211 ac
685 1162 829 1209 miris
841 1161 895 1207 in
906 1174 1019 1207 aere
1024 1155 1298 1230 simulacris
1311 1150 1590 1229 quandoque

773 1244 1050 1316 conspicuis.

133 1332 464 1386 Olentquandoque
472 1337 530 1374 etsi
545 1337 799 1386 infrequentius
813 1337 905 1373 varia
919 1335 1050 1372 insolita
1067 1332 1217 1376 ostenta,
1233 1328 1431 1382 cujusmodi
1445 1332 1522 1368 sunt
1535 1330 1659 1382 integri
1674 1342 1771 1369 exer-

46 1335 130 1484 S
141 1385 229 1421 citus
236 1408 247 1426 ,
263 1385 490 1434 preliandum
498 1389 686 1423 concurlus
693 1410 704 1426 ,
718 1397 840 1422 turmae
849 1385 997 1420 militum
1007 1385 1042 1420 ὅ(
1051 1384 1238 1432 phalanges
1246 1407 1255 1424 ,
1271 1381 1386 1418 classes
1395 1391 1532 1417 armatae
1547 1381 1637 1416 inter
1645 1380 1769 1418 fluctus

139 1445 221 1469 curn
228 1434 332 1470 remis
339 1434 513 1483 velisque,
529 1435 566 1471 ἀ
575 1434 751 1470 hisiimilia
760 1436 796 1470 in
812 1439 891 1469 a'ere
899 1444 1118 1481 comparere,
1135 1444 1209 1480 quae
1220 1432 1312 1468 haud
1321 1431 1485 1480 exiguum
1495 1430 1696 1465 mortalibus
1705 1431 1769 1466 im—

137 1483 366 1530 pendentium
376 1482 601 1519 insaustorum
616 1494 808 1519 eventuum
824 1492 957 1517 metum
968 1482 1124 1517 incutere
1133 1480 1401 1516 conlueverunt.
1427 1479 1505 1513 Nos
1515 1478 1668 1526 praesenti
1679 1490 1769 1526 quae·

47 1526 160 1566 stione
167 1529 467 1578 circahujusmodi
479 1531 653 1567 simulacra
661 1554 671 1571 ,
681 1544 720 1567 ac
730 1530 856 1578 spectra
864 1530 1078 1578 inquiremus
1088 1552 1098 1569 ,
1114 1529 1285 1577 praecipue
1293 1527 1378 1576 quid
1387 1526 1459 1567 lint,
1467 1538 1543 1575 quae
1553 1537 1677 1562 eorum
1687 1539 1767 1564 cau·

49 1576 100 1618 sae,
107 1578 190 1626 quid
201 1581 422 1626 portendant,
432 1580 486 1616 seu
495 1579 699 1627 significent.

143 1626 332 1663 Conclulio
341 1627 460 1675 prima.
499 1627 652 1663 Militum
660 1639 701 1664 ac
708 1636 920 1663 armatorum
929 1623 1114 1665 fimulacra,
1123 1625 1235 1670 (idem
1245 1622 1461 1659 sentiendum
1472 1624 1516 1659 de
1524 1621 1681 1671 reliquis)
1690 1634 1766 1661 non

49 1672 124 1709 sunt
131 1675 317 1711 oculorum
327 1675 488 1716 ludibria,
510 1676 568 1712 sed
583 1677 664 1712 vere
672 1676 886 1724 quandoque
895 1674 1102 1722 apparentin
1111 1679 1201 1709 aere.
1253 1673 1352 1708 Patet
1360 1672 1483 1708 veritas
1501 1669 1604 1718 hujus
1618 1673 1764 1709 conclu·

47 1721 148 1758 lionis
157 1734 199 1759 ex
207 1725 418 1765 authoritate
426 1735 501 1760 tum
509 1725 694 1761 Sacrorum
710 1747 721 1765 ,
745 1733 821 1760 tum
830 1724 1059 1772 profanorum
1070 1721 1285 1770 lcriptorum.
1335 1721 1391 1757 Sic
1406 1720 1465 1755 l.2.
1476 1720 1763 1758 Machabaeorurn

47 1782 78 1806 c.
93 1781 118 1815 5.
135 1782 246 1808 narrat
257 1772 346 1808 sacer
355 1782 486 1808 textuSt
512 1773 660 1822 contigit
669 1781 786 1808 autem
795 1783 856 1820 per
865 1771 1055 1807 universam
1063 1769 1362 1818 jerosolymorum
1374 1769 1551 1805 civitatem
1570 1768 1679 1804 videri
1689 1770 1762 1805 die-

48 1820 110 1856 bus
119 1822 342 1870 quadraginta
351 1833 410 1868 per
419 1825 496 1857 a'e'ra
505 1812 639 1869 equites
649 1821 892 1860 discurrentes,
901 1829 1032 1855 auratas
1041 1819 1140 1854 stolas
1158 1820 1325 1854 habentes
1335 1840 1345 1858 ,
1361 1818 1398 1854 δε
1414 1817 1515 1852 hastis
1530 1817 1622 1865 quasi
1630 1819 1761 1854 cohor-

46 1876 98 1904 tes
105 1879 253 1904 armatos
263 1868 298 1905 ὅ(
306 1871 379 1905 curi
383 1880 421 1904 us
429 1881 600 1917 equorum
610 1881 671 1917 per
678 1869 818 1905 ordines
826 1869 858 1904 di
886 1868 989 1906 estos,
998 1868 1031 1903 ὅ(
1041 1864 1301 1915 congreffiones
1311 1866 1384 1902 fieri
1392 1866 1552 1902 cominus
1562 1864 1632 1904 (Sec.
1659 1866 1702 1902 fic
1710 1877 1759 1903 et-

47 1917 113 1952 iam
122 1927 201 1953 ante
225 1929 306 1953 uam
313 1917 413 1953 Titus
422 1917 457 1953 ὃ(
470 1918 840 1957 Romaniobliderent,
849 1881 885 1953 ἐξ
894 1926 1057 1964 caperent
1068 1915 1335 1963 jerosolymam,
1349 1915 1405 1950 die
1412 1926 1458 1951 21.
1473 1913 1597 1950 meniis
1612 1913 1694 1962 Maji
1713 1916 1761 1952 ait

45 1964 212 2014 Joseph'us
233 1967 337 2010 .7.de
347 1965 443 2002 Bello
453 1966 586 2014 Judaic.
596 1978 669 2014 cap.
681 1977 726 2004 12.
742 1965 818 2013 post
834 1965 906 2000 dies
921 1964 1024 2000 festos
1041 1974 1121 1999 ante
1131 1964 1220 2000 Solis
1237 1963 1398 2000 occasum
1415 1962 1471 1998 vifi
1488 1964 1563 1998 [unt
1577 1974 1639 2011 per
1655 1963 1760 2000 inane

47 2013 124 2049 ferri
140 2017 259 2050 curr'us
268 2014 351 2050 t0tis
367 2014 586 2063 regionibus,
611 2014 793 2050 &armatae
802 2014 893 2050 acies
902 2022 1076 2050 tranantes
1087 2013 1212 2052 nubila,
1225 2011 1396 2049 &civitati
1404 2011 1629 2051 circumsustc.
1656 2012 1756 2049 Idem

47 2062 171 2098 accidit
183 2062 301 2098 Romae
310 2063 510 2109 tempores.
521 2062 682 2111 Gregorii
690 2060 820 2099 Pontis
830 2060 923 2100 Max.
932 2062 1012 2097 cum
1023 2061 1250 2110 Longobardi
1263 2060 1468 2096 invaderent
1477 2058 1618 2100 ltaliam,
1627 2069 1665 2096 ut
1674 2061 1706 2109 ip
1712 2060 1759 2097 se-

46 2121 119 2146 met
129 2110 267 2146 testatur
277 2110 408 2149 Homil.
417 2123 447 2159 q.
462 2112 495 2146 in
506 2112 633 2160 Evang.
643 2112 764 2147 dicens
777 2123 786 2145 ε
812 2111 1011 2159 priusquam
1020 2109 1113 2145 Italia
1125 2109 1243 2158 gentili
1252 2109 1367 2158 gladio
1376 2109 1530 2144 ferienda
1538 2109 1733 2145 traderetur
1743 2131 1756 2150 ,

46 2156 56 2193 i
84 2159 204 2194 neasin
215 2159 307 2195 coelo
317 2160 566 2196 acicsvidimus
577 2159 704 2208 ,ipsum
715 2182 725 2200 ,
741 2158 799 2207 qui
816 2159 933 2207 poste-a
949 2159 1091 2194 humani
1106 2158 1241 2207 generis
1256 2157 1347 2193 fusus
1356 2157 1420 2197 est,
1440 2157 1640 2206 sanguinem
1654 2169 1759 2194 coru·

60 2215 186 2242 cantes.
210 2207 522 2246 Pliniusl.2.natur.
534 2208 609 2244 hist.
620 2220 692 2255 cap.
704 2220 744 2252 5¹·
760 2209 834 2243 haec
854 2209 977 2243 refert:
1003 2218 1181 2242 armorum
1197 2207 1347 2254 crepitus
1362 2205 1397 2242 ὅ(
1412 2207 1503 2241 tubae
1518 2205 1648 2241 sonitus
1662 2207 1758 2242 audi·

47 2255 229 2290 tosecoelo
239 2255 421 2292 Cimbricis
440 2256 536 2292 bellis
551 2258 760 2305 accepimus.
810 2256 932 2291 Tertio
949 2256 1032 2291 vero
1049 2254 1227 2291 consulatu
1244 2255 1344 2290 Marii
1357 2254 1530 2290 Amerinis
1544 2253 1579 2290 ὃς
1592 2254 1757 2290 Tuderti-

48 2302 112 2338 bus
120 2303 262 2350 spectata
271 2316 362 2339 arma
379 2304 575 2341 coelestiaab
584 2315 663 2341 ortu
679 2328 690 2345 ,
716 2305 912 2352 occasuque
924 2305 1013 2339 inter
1026 2304 1058 2339 se
1071 2304 1315 2340 concurrentia
1327 2303 1426 2351 pulfis
1440 2325 1449 2343 ,
1476 2314 1551 2351 quae
1565 2303 1606 2338 ab
1631 2303 1756 2339 occasu

47 2361 154 2386 erant.
207 2352 254 2387 Ita
265 2351 320 2389 illi.
345 2352 450 2388 Paulo
461 2354 563 2389 etiam
573 2364 758 2401 antequam
769 2353 972 2389 CaraEtacas
980 2353 1168 2388 Scotorum
1180 2352 1253 2387 Rex
1262 2364 1342 2388 cum
1354 2352 1523 2387 Romanis
1532 2350 1750 2400 confligeret,

46 2399 347 2447 aciequevie‘tusin
356 2401 504 2437 hostium
514 2402 719 2450 potestatem
734 2403 870 2438 veniret
886 2424 896 2442 ,
922 2401 1084 2450 equestris
1100 2413 1216 2449 pugna
1229 2401 1353 2436 mediis
1366 2401 1402 2436 in
1415 2400 1562 2448 campis,
1582 2409 1621 2435 ut
1634 2401 1749 2447 inquit

45 2446 92 2484 H.
102 2448 196 2486 Bo'e't.
205 2448 225 2483 l.
233 2461 267 2495 4.
277 2450 438 2486 acerrima
447 2450 630 2499 conspecta
637 2451 780 2487 tandem
789 2450 940 2489 evanuit.
989 2447 1090 2486 Plura
1097 2449 1212 2485 fimilia
1221 2446 1339 2498 paffim
1347 2448 1502 2486 invenies
1510 2449 1602 2498 apud
1608 2450 1749 2486 Autho-

44 2505 108 2531 res.

139 2543 291 2594 Colliges
308 2555 422 2582 tamen
430 2569 440 2588 ,
448 2545 520 2583 fieri
531 2546 674 2583 subinde
682 2560 723 2584 ex
733 2546 907 2583 debilitate
914 2543 1173 2588 visfis,Metu,ac
1181 2543 1358 2582 Phantalia
1365 2544 1512 2595 posse,ut
1519 2545 1652 2581 ostenta
1659 2555 1750 2593 quae·

43 2591 120 2627 dam
128 2604 288 2641 apparere
296 2604 470 2642 putentur.
521 2597 577 2632 Sic
587 2595 859 2633 testeAristotele
867 2596 888 2631 l.
897 2607 921 2641 3.
932 2596 1084 2632 Mereor.
1093 2596 1233 2644 quidam
1243 2596 1467 2643 Antipheron
1475 2595 1608 2630 Oretan
1614 2605 1652 2629 us
1662 2596 1749 2629 sem·

40 2649 186 2687 perante
195 2642 225 2676 se
232 2643 369 2678 videbat
383 2642 598 2680 fimulacrum
608 2646 798 2692 quoddam,
826 2647 898 2680 uod
908 2654 978 2679 erat
987 2643 1033 2679 sui
1042 2644 1140 2692 iplius
1150 2645 1264 2691 imago
1272 2643 1456 2692 respiciens
1464 2643 1747 2691 ipsum3idautem

42 2686 143 2724 fiebat
153 2691 198 2726 ob
205 2690 291 2726 visus
300 2691 508 2728 debilitatem
516 2715 526 2734 ,
542 2695 588 2729 ob
598 2706 700 2741 quam
712 2694 812 2742 specu
829 2705 886 2728 um
896 2693 1010 2728 eidem
1020 2691 1123 2728 fiebat
1130 2694 1345 2740 propinquus
1354 2697 1421 2730 aer.

137 2737 324 2774 Conclusio
340 2740 498 2778 secunda.
549 2741 731 2778 Probabile
746 2741 810 2781 est,
839 2741 949 2789 aliqua
964 2742 998 2776 in
1015 2747 1094 2776 aere
1114 2741 1310 2789 apparentia
1324 2740 1451 2789 speetu
1473 2736 1615 2775 naturali
1632 2739 1746 2775 modo

44 2779 249 2838 efficiposs‘c,
275 2790 420 2824 modum
431 2790 877 2826 buncinfinuatKircherus
892 2794 964 2825 Art.
980 2789 1166 2838 Mag-lum.
1180 2789 1216 2825 ὅ(
1232 2791 1327 2825 umb.
1344 2789 1423 2824 l.1o.
1432 2798 1515 2836 part.
1524 2800 1552 2823 2.
1563 2799 1637 2836 cap.
1648 2799 1669 2822 1.
1694 2788 1746 2824 Ex

44 2829 144 2886 locus,
159 2835 213 2869 ubi
229 2835 335 2871 multa
347 2837 456 2884 glarea
466 2861 476 2877 ,
503 2838 569 2873 live
583 2850 684 2874 arena
700 2851 741 2874 ex
757 2838 914 2878 selenite,
927 2838 1140 2874 antimonio,
1161 2839 1252 2874 vitro
1267 2861 1277 2878 ,
1302 2837 1436 2885 aliaque
1449 2835 1589 2871 materia
1603 2835 1742 2884 perillu-

44 2877 250 2933 {lriconllata
258 2886 439 2932 reperitur,
452 2884 770 2923 Solisintenliliimo
781 2888 897 2922 calore
913 2888 980 2921 una
995 2898 1077 2922 cum
1092 2898 1221 2935 vapore
1234 2883 1408 2933 ejusmodi
1423 2884 1604 2932 particulas
1625 2884 1738 2920 eleva-

41 2927 267 2982 mscexalmri,
281 2944 356 2980 quae
365 2935 525 2974 diver-las,
540 2948 580 2971 ac
588 2937 693 2972 varias
703 2936 831 2972 deinde
840 2934 1032 2984 superficies
1045 2935 1077 2970 in
1095 2941 1174 2970 a'ere
1191 2934 1401 2973 conficiunt,
1420 2933 1455 2968 ὅ(
1471 2933 1686 2969 erasnm-ibus
1701 2931 1740 2969 in

41 2977 158 3012 medio
167 2981 362 3026 vaporibus,
375 2984 560 3031 montique
579 2982 679 3020 alicui
693 3007 703 3025 ,
729 2994 788 3019 aut
801 2995 880 3019 atrae
895 2984 977 3018 nubi
993 2984 1157 3032 oppofitis
1172 2984 1280 3019 tractu
1292 2982 1382 3030 quali
1403 2991 1555 3029 opacatae
1570 2981 1604 3016 in
1620 2981 1739 3029 specu-

39 3018 111 3058 lum
121 3024 258 3071 plenum
266 3033 403 3065 tandem
413 3031 619 3070 coalescunt.
672 3034 711 3068 In
730 3034 799 3068 boc
808 3032 935 3066 deinde
944 3032 1082 3079 speculo
1090 3033 1450 3080 qualicunquea'e'reo,
1467 3030 1690 3077 proutvarius
1706 3042 1741 3066 c·

0 3089 1 3093 =
34 3067 92 3118 jus
100 3073 141 3107 ad
151 3074 289 3111 oculum
301 3077 376 3113 litus
391 3080 471 3120 erit,
496 3081 586 3116 varia
595 3081 695 3116 etiam
707 3079 931 3128 [ubjestarum
947 3092 1061 3116 rerum
1079 3081 1252 3116 {imulacra
1267 3080 1356 3114 miro
1373 3077 1473 3126 plane
1488 3079 1598 3114 modo
1606 3077 1712 3121 {auch
1726 3099 1739 3118 ,

0 3150 1 3159 ,
39 3119 93 3154 vel
113 3121 330 3170 multiplicata
346 3126 474 3164 reflecti
496 3151 508 3168 ,
540 3129 575 3165 ὅ(
594 3130 637 3165 ita
656 3129 857 3164 admiranda
872 3129 905 3163 in
931 3134 1010 3164 aere
1026 3129 1158 3177 specula
1176 3129 1329 3164 exhiberi
1342 3125 1491 3175 possunt.
1540 3125 1738 3162 Confirma-

0 3162 2 3175 ι

0 3190 2 3230 l

0 3238 2 3261 l

0 3268 3 3282 ι

2 3331 3 3342 l

1 3351 4 3366 l

1 3376 4 3393 l

2 3431 6 3487 ἓ

39 3175 94 3203 tur
110 3168 361 3217 observatione,
381 3187 484 3224 quam
493 3178 636 3215 adducit
652 3176 837 3215 Deschales
855 3177 972 3226 Diopl.
987 3177 1008 3217 Ι.
1023 3189 1057 3263 {q
1061 3189 1161 3226 prop.
1179 3189 1224 3224 23.
1250 3178 1336 3212 dum
1365 3174 1527 3212 meminit
1542 3175 1561 3211 a
1575 3175 1750 3258 Magistlrlo·

1084 3238 1104 3262 2
1626 3251 1629 3255 .
1702 3235 1713 3258 ι
