2087 3610
342 240 425 283 212
930 271 933 275 ,
1017 217 1376 293 Meteorologia

341 315 474 353 traduci
488 313 685 363 sanguinem
705 324 746 350 ex
755 313 882 349 arteriis
906 311 1160 360 emulgentibus
1175 311 1317 346 intenes
1333 324 1345 356 ·,
1364 310 1721 359 indequeportionem
1738 319 1949 358 aqueamper
1958 318 2033 344 ure·
2081 328 2082 332 =

342 376 432 400 teres
442 365 476 399 in
485 364 628 398 vesicam
637 363 781 398 derivari
791 375 802 407 ‘a
812 361 909 396 aliam
917 361 1000 395 vero
1012 359 1179 408 sanguinis
1188 359 1385 407 portionem
1394 360 1428 393 in
1439 359 1764 408 veiiasemulgciites
1774 367 1940 405 perpetuo
1950 366 2035 391 arte·
2080 368 2082 382 =

341 414 397 451 riae
414 422 512 446 motu
522 412 666 456 intrudi3
679 412 793 458 itzique
809 408 973 457 supposita
987 406 1186 454 hujusmodi
1199 407 1452 454 percolatioiie,
1466 406 1664 454 corpuscula
1681 407 1751 445 illa,
1769 417 1843 454 quae
1853 416 1947 452 aquae
1962 415 2037 439 me-

343 462 462 496 dicatoe
475 459 722 500 insunt,laxant
738 467 887 496 meatus,
907 468 947 492 ac
961 457 1051 491 viam
1067 455 1200 490 facilem
1215 455 1355 490 humori
1371 455 1520 500 faciunt3
1533 456 1604 490 imo
1620 455 1641 490 si
1657 465 1731 502 quae
1746 456 1838 502 prius
1852 452 2037 494 obstruffio
2079 461 2081 484 τ

343 518 434 547 erat,
451 519 525 543 eam
535 508 728 543 discutiunt.
781 507 817 540 1n
827 517 899 539 rem
915 505 1112 552 praesentem
1123 503 1273 538 mirabile
1282 503 1365 550 quid
1379 504 1481 538 refert
1490 502 1670 538 Sibbaldus
1691 502 1744 538 his
1760 502 1870 538 verbis
1886 511 1896 536 ι
1911 500 2034 535 InHo·

337 554 375 605 ja
392 557 569 591 Orcadum
580 555 688 590 Insula
695 564 761 589 tres
772 551 916 588 altiffimi
925 563 1062 587 montes
1079 551 1172 591 sunt,
1188 551 1247 598 qui
1261 550 1463 586 sublimitate
1476 551 1530 585 sua
1539 551 1691 586 miranda
1702 549 2039 598 navigantibusater-
2080 588 2081 592 Ἰ

342 617 378 640 ra
395 601 708 652 longiffimeadhuc
718 601 913 636 distantibus
926 599 1070 639 cursum,
1079 610 1148 646 quo
1159 599 1310 647 dirigunt
1317 597 1407 634 reita
1417 599 1513 647 phari
1521 599 1609 646 quasi
1619 595 1873 646 praestantiffimi
1884 596 2040 649 speciem,

344 652 380 688 ὅ(
396 653 509 687 vicem
520 652 681 698 praebent.
739 648 859 697 inipso
876 648 1056 684 cacumine
1067 648 1167 682 unius
1183 646 1321 682 exhisce
1333 647 1440 681 tribus
1456 648 1633 682 montibus
1649 647 1692 682 iic
1709 646 1882 699 contiguis
1898 649 1978 679 tons
1993 643 2042 679 est

341 711 386 736 ex
396 697 466 748 ipio
475 700 582 736 corde
593 698 648 734 [eu
658 698 885 733 fundamento
900 696 1031 731 montis
1046 705 1141 730 ortus
1151 695 1242 730 mirae
1251 694 1407 730 claritatis
1414 717 1424 734 ,
1436 706 1516 730 rarae
1524 695 1715 730 dulcedinis
1722 717 1731 734 ,
1740 695 1787 729 {iti
1795 694 1947 731 sedandae
1956 698 2042 727 con2

342 744 612 784 venientiffimus
622 746 656 781 ὅ(
665 745 836 792 stupendae
844 745 931 780 adeo
939 743 1100 782 levitatis,
1113 753 1152 777 ut
1167 742 1188 778 ii
1204 743 1278 790 quis
1293 745 1447 790 potando
1462 744 1633 791 integrum
1650 742 1783 778 dolium
1798 743 1841 777 de
1854 741 1942 776 illius
1954 750 2043 786 aqua
2079 758 2080 761 ¹

342 797 378 831 in
387 795 600 830 stomachum
620 792 775 841 trajicere
789 791 913 841 posset,
930 791 1123 827 nullatenus
1134 791 1164 826 le
1173 791 1366 839 graviorem
1382 791 1463 828 inde
1477 790 1637 826 effe&um
1654 790 1800 828 sentiret,
1817 788 2042 842 Verifimilius
2078 806 2079 816 i

344 854 460 880 tamen
473 842 519 878 est
527 865 537 882 ,
551 844 641 877 hanc
649 853 772 888 aquam
786 850 939 876 nontam
949 841 995 875 ob
1004 839 1178 875 levitatem
1188 850 1260 874 non
1270 850 1452 886 aggravare
1468 838 1695 878 stomachum,
1704 849 1807 886 quam
1817 838 1863 873 ob
1878 845 2043 872 virtutem
2078 875 2079 887 3

343 891 553 940 impulsivam
562 913 572 931 ,
583 891 650 938 qua
659 899 766 937 ocyus
775 900 861 937 aqua
870 888 905 923 in
914 888 1059 925 veficam
1073 887 1281 927 detruditur,
1296 887 1428 922 &foras
1437 886 1632 934 expellitur,
1647 898 1692 921 ne
1700 885 1799 921 oneri
1813 885 1850 920 sit
1862 880 2005 920 bibenti.

442 993 630 1031 Conclusio
646 1001 775 1040 quarta.
807 993 944 1028 Dantur
953 992 1053 1027 etiam
1066 991 1196 1031 fontes,
1214 989 1272 1038 qui
1284 989 1439 1025 immersa
1453 989 1678 1027 diverfimode
1695 999 1926 1029 commutant.
1973 989 2043 1030 Te·
2077 1004 2087 1010 Μ

345 1045 473 1081 stantnr
481 1044 551 1077 hoc
560 1038 677 1088 paffim
687 1040 860 1075 Historici.
900 1040 955 1075 Sic
966 1039 1001 1074 in
1012 1039 1154 1074 Islandia
1162 1037 1367 1086 liaudlonge
1374 1040 1415 1074 ab
1424 1039 1603 1086 ignivomo
1614 1049 1735 1074 monte
1745 1038 1856 1079 Hecla
1863 1039 1941 1076 fons
1951 1050 2044 1074 ema-
2076 1056 2084 1068 sl

345 1102 423 1132 nat,
438 1088 676 1139 quiimmersas
684 1089 882 1123 adiundum
890 1099 999 1135 usque
1007 1087 1158 1135 virgasin
1168 1087 1294 1121 ferrum
1304 1097 1508 1122 commutat.
1558 1086 1775 1123 lnPalaestina
1787 1087 1870 1122 inira
1883 1096 2044 1122 montem

346 1139 548 1177 Carmelum
566 1136 700 1172 scaturit
714 1138 810 1177 fons,
828 1136 886 1183 qui
899 1129 1073 1174 mineralia
1083 1132 1383 1182 quaevisinjet‘cain
1391 1135 1518 1170 vitrum
1534 1135 1772 1180 transformat3
1784 1135 1910 1171 vitrum
1925 1144 2045 1170 autem
2080 1148 2087 1169 i

347 1188 511 1235 injectum
522 1186 555 1220 in
564 1196 701 1220 arenam
718 1184 873 1224 reducit,
889 1195 929 1220 ac
943 1184 1124 1219 convertit.
1175 1184 1351 1218 Arborum
1364 1182 1444 1218 folia
1456 1183 1492 1218 in
1499 1183 1554 1218 Yo
1564 1182 1752 1219 Provinciae
1764 1187 1873 1230 Peqm'n
1887 1182 2046 1218 cadentia
2075 1197 2083 1225 μ

346 1233 652 1273 coinmutanturin
670 1232 882 1268 hirundines.
931 1231 1092 1266 Similiter
1105 1229 1263 1266 inlocum
1272 1230 1419 1265 Haeniao
1433 1231 1515 1266 folia
1523 1229 1694 1278 deje&ain
1711 1232 1822 1280 nigras
1835 1232 1964 1266 abeunt
1976 1231 2045 1267 avi·
2075 1233 2087 1265 ἐζ

349 1284 453 1321 culas.
520 1282 559 1316 ln
569 1281 753 1328 Hyberniae
763 1280 944 1316 Provincia
956 1282 1071 1314 llltom'a
1084 1290 1193 1326 prope
1210 1280 1329 1314 urbem
1337 1281 1456 1314 Armac
1468 1279 1560 1315 lacus
1568 1280 1668 1316 Nt’ach
1683 1279 1792 1315 diffinis
1800 1291 1922 1327 aquam
1932 1278 2045 1314 conti-
2074 1282 2087 1314 ’Ξ

347 1343 409 1368 net
417 1328 519 1377 hujus
528 1339 656 1364 naturae
664 1351 674 1368 ,
688 1339 726 1364 ut
736 1329 757 1363 si
766 1328 907 1364 baculus
918 1327 1051 1377 ligneus
1061 1338 1170 1374 usque
1178 1327 1221 1362 ad
1233 1327 1382 1362 sundum
1390 1327 1561 1376 attingens
1575 1327 1794 1367 immittatur,
1802 1328 1836 1362 in
1846 1326 1961 1362 infima
1969 1335 2045 1374 pai·-
2083 1343 2087 1359 :

345 1383 398 1420 ie,
413 1379 635 1427 quasundum
650 1377 805 1425 attingit,
821 1386 1043 1412 convertatur
1056 1375 1090 1410 in
1098 1377 1225 1410 ferrum
1235 1397 1244 1415 ,
1263 1375 1377 1410 media
1385 1376 1468 1411 vero
1485 1386 1561 1424 pars
1569 1386 1664 1423 aquae
1679 1374 1834 1411 immersa
1846 1375 2048 1423 lapidelcat3
2074 1386 2087 1412 ¹:

349 1429 479 1476 reliqua
488 1425 571 1461 veto
584 1434 678 1460 extra
687 1424 1129 1473 aquamremaneatligiiea,
1144 1423 1192 1459 uti
1201 1423 1274 1458 fuit.
1326 1423 1498 1471 Denique,
1509 1423 1750 1472 nelonginqua
1760 1423 1882 1471 &pere
1908 1423 2045 1470 rinape-
2080 1438 2087 1459 ·.

347 1487 471 1515 tamuS,
479 1485 586 1522 prope
594 1474 790 1521 Scepufium
799 1472 985 1521 Hungariae
995 1473 1116 1507 urbem
1127 1483 1213 1519 aqua
1225 1481 1295 1506 tam
1303 1471 1519 1507 vehementis
1527 1472 1659 1508 virtutis
1667 1471 1804 1507 testibus
1811 1483 1878 1506 ocu
1894 1482 1921 1506 is
1935 1471 2045 1506 obser-

346 1535 460 1563 vatur,
476 1523 703 1570 quaeserrum,
713 1521 770 1556 ubi
786 1521 820 1555 in
830 1520 985 1556 canalem
1000 1518 1218 1567 conjectum,
1232 1519 1325 1555 brevi
1339 1529 1500 1567 tempore
1515 1520 1550 1555 in
1564 1531 1710 1568 cuprum
1725 1520 1906 1557 convertit.
1957 1518 2046 1567 Ipse,

347 1574 486 1621 quihaec
502 1570 628 1609 scribo,
643 1569 837 1605 immutatas
851 1569 934 1604 inde
948 1579 1120 1617 equorum
1133 1567 1238 1603 ioleas
1252 1590 1264 1609 ,
1285 1568 1321 1603 in
1337 1565 1610 1616 probatiffimum
1632 1579 1778 1616 cuprum
1798 1564 1872 1603 non
1895 1566 1997 1603 semel
2009 1567 2046 1606 iii
2078 1584 2087 1602 η

346 1621 508 1658 manibus
525 1617 639 1653 habui.

443 1724 606 1771 Qaeres:
620 1724 719 1759 Num
732 1735 815 1776 ergo
826 1733 937 1758 unum
953 1722 1131 1759 metallum
1150 1723 1181 1759 se
1189 1724 1223 1759 in
1237 1723 1328 1760 aliud
1343 1724 1543 1763 convertat?
1557 1723 1764 1773 Respondeo
1773 1724 1945 1774 negative,
1954 1723 2047 1760 nulla

344 1771 442 1807 enim
457 1774 513 1806 hic
521 1772 759 1807 transmutatio
769 1775 806 1806 ht
816 1794 826 1811 ,
837 1772 892 1806 sed
908 1772 1042 1805 tantum
1058 1771 1219 1819 separatio
1230 1772 1586 1821 opevitrioliinducCia.
1636 1774 1676 1808 Et
1686 1774 1891 1809 hacratione
1901 1784 2046 1820 cuprum
2064 1804 2065 1807 ,
2082 1787 2086 1799 ¹

349 1822 368 1855 a
383 1821 515 1855 ferroin
525 1820 794 1868 Scepulienlibus
811 1819 907 1866 aquis
923 1819 1061 1866 separari
1070 1820 1243 1855 credibile.
1292 1822 1432 1868 Nempe
1446 1821 1523 1868 quia
1537 1832 1681 1869 magnus
1696 1823 1823 1856 serrum
1840 1822 1971 1856 inter&
1986 1831 2044 1856 cu-

347 1880 449 1916 prum
466 1869 713 1917 magnetismus
732 1868 916 1902 intercedit
926 1889 936 1906 ,
950 1866 1006 1906 fit,
1016 1877 1052 1902 ut
1060 1868 1118 1903 ubi
1129 1868 1501 1916 corpusculavitriolata
1509 1869 1657 1904 ferreum
1667 1870 1749 1916 quid
1756 1869 1851 1916 aquis
1860 1868 2047 1904 immistum

350 1916 527 1955 senserint,
542 1917 572 1951 ei
583 1916 689 1951 statim
704 1916 915 1954 adhaereant,
929 1926 1034 1962 poros
1042 1925 1241 1963 penetrent,
1249 1917 1377 1952 ferrum
1386 1917 1547 1953 acredine
1561 1918 1615 1953 lua
1624 1917 1812 1958 dissolvant,
1822 1917 2047 1953 &remanen-

349 1974 385 2000 te
399 1966 477 2000 terri
488 1964 609 2003 scoria,
623 1964 793 2012 reliquum
809 1964 846 1998 in
860 1974 1005 2010 cuprum
1020 1964 1245 2003 condensent.
1294 1965 1389 2001 Hinc
1404 1964 1458 2005 fit,
1473 1974 1511 2000 ut
1526 1965 1616 2000 ferro
1633 1965 1737 2013 priori
1750 1965 1857 2001 crusta
1869 1966 2047 2013 quaedam,

350 2012 408 2048 seu
423 2021 542 2048 cortex
555 2023 702 2060 cupreus
716 2011 848 2047 adnasci
864 2010 968 2046 soleat
979 2033 990 2052 ,
1007 2023 1134 2060 nempe
1148 2024 1191 2048 ex
1198 2014 1414 2068 congregatis
1433 2013 1639 2060 corpusculis
1655 2014 1748 2048 aereis
1761 2036 1773 2054 ,
1789 2014 1905 2050 ferreis
1919 2013 2050 2050 interea

352 2062 390 2096 in
406 2060 635 2109 rubiginosam
646 2061 783 2096 scobem
792 2058 956 2097 resolutis,
1006 2061 1221 2108 Experientifi
1230 2063 1278 2096 rei
1287 2063 1388 2109 hujus
1396 2060 1540 2096 edo&us
1549 2062 1655 2097 Kirch
1661 2073 1736 2097 erus
1743 2084 1753 2101 ,
1761 2062 1820 2110 qui
1828 2062 2048 2099 tantumdem
2060 2069 2069 2097 ³2,

351 2109 469 2145 feri-eae
484 2109 649 2157 rubiginis
657 2110 698 2163 ab
705 2120 792 2157 aqua
800 2106 923 2143 vitrioli
933 2107 1070 2143 exesum
1082 2110 1223 2156 reperit,
1237 2119 1404 2157 quantum
1419 2108 1518 2144 massa
1525 2109 1603 2145 ferri
1617 2110 1710 2157 prius
1717 2110 1899 2158 pendebat.
1949 2110 2061 2153 Simia

354 2157 432 2193 liter
447 2169 526 2192 cum
536 2166 764 2212 proportione
779 2156 1036 2191 discurrendum
1047 2158 1092 2192 de
1102 2157 1173 2192 aliis
1187 2157 1337 2205 superius
1351 2157 1506 2193 adductis
1513 2158 1773 2195 mutationibus.
1823 2159 1878 2193 De
1886 2159 2049 2194 arborum
2066 2188 2067 2195 ,

353 2205 445 2242 foliis
454 2206 536 2241 vero
545 2217 659 2241 avium
666 2204 833 2240 feracibus
842 2226 852 2242 ,
868 2203 890 2239 si
898 2202 983 2238 fides
992 2204 1138 2241 historiae
1145 2207 1340 2242 adhibenda
1354 2206 1390 2241 sit
1398 2223 1407 2240 ²
1426 2205 1533 2240 sentio
1543 2217 1582 2240 ea
1590 2207 1630 2241 ab
1639 2218 1733 2254 aquae
1742 2205 1958 2254 qualitatibus
1966 2217 2048 2255 qua-

355 2254 378 2290 fi
391 2254 595 2290 fermentata
603 2253 861 2301 dispositionem
870 2253 1042 2300 quandam
1055 2254 1212 2302 accipere
1219 2255 1262 2290 ad
1269 2254 1530 2303 generationem
1539 2253 1694 2290 similium
1703 2253 1921 2291 avicularum.

448 2357 638 2393 Conclusio
652 2357 784 2405 quinta.
834 2359 1066 2408 Reperiuntur
1078 2358 1204 2407 pariter
1223 2368 1318 2405 aquae
1332 2358 1594 2406 lapidescentes,
1609 2357 1645 2394 ὅ(
1663 2355 1786 2404 injeua
1801 2357 1928 2406 quaevis
1947 2358 1982 2393 in
2001 2357 2047 2395 la-

350 2407 470 2455 pidem
485 2415 741 2444 convertentes,
791 2407 888 2444 Sicin
897 2408 1030 2445 Gothia
1043 2408 1122 2443 fons
1134 2407 1317 2454 reperitur,
1334 2407 1391 2454 qui
1406 2407 1441 2441 in
1454 2407 1620 2455 lapidem,
1634 2407 1800 2455 quidquid
1816 2406 2048 2455 immergitur,

350 2454 535 2491 convertit.
560 2454 644 2489 Vim
653 2454 919 2503 hanclapideam
929 2469 970 2492 ex
997 2465 1089 2491 ertus
1105 2455 1294 2490 Fridericus
1303 2455 1494 2502 Imperator
1502 2455 1738 2490 chirothecam
1746 2465 1850 2489 manu
1861 2453 2048 2490 deti-attam

351 2501 622 2557 sigillo-appresso
643 2511 796 2538 notatam
810 2503 899 2541 fonti
907 2503 947 2552 ju
976 2514 1002 2540 it
1017 2503 1192 2551 immergi,
1209 2502 1244 2538 &
1268 2503 1307 2538 ea
1321 2525 1331 2543 ,
1352 2503 1419 2549 qua
1439 2502 1593 2538 immersa
1611 2503 1852 2557 fueram-parte
1876 2502 2046 2550 lapideam

351 2560 493 2598 recepit.
547 2550 672 2585 Similis
682 2550 728 2586 est
737 2551 860 2600 Regno
869 2551 1068 2601 Barnagaffo
1084 2562 1193 2599 prope
1206 2551 1327 2586 urbem
1335 2550 1495 2584 Abbarach
1509 2549 1632 2598 injecta
1646 2561 1772 2598 quaevis
1779 2562 1965 2598 paucarum
1982 2550 2047 2585 ho·
2060 2581 2061 2584 ,

351 2598 589 2653 rarum-spatio
607 2598 641 2633 in
650 2598 834 2653 lapidosam
851 2601 1010 2636 duritiem
1019 2609 1237 2636 convertens,
1287 2598 1844 2653 InBohemiapropefalcQazavium
1861 2597 1935 2633 fluit
1949 2597 2045 2634 fluvi-

352 2658 393 2683 us
401 2670 411 2687 ,
427 2658 482 2682 cui
498 2644 629 2692 inje&ae
636 2657 737 2694 pinus
745 2648 839 2683 brevi
849 2658 1007 2697 tempore
1016 2646 1236 2696 lapidescunt.
1285 2646 1398 2694 Prope
1408 2646 1523 2682 Pcrfiae
1531 2647 1703 2682 Civitatem
1713 2657 1815 2682 mons
1827 2646 1888 2683 est,
1897 2648 1938 2681 ad
1948 2647 2046 2693 cujus
2058 2669 2061 2676 =

349 2695 481 2731 radices
495 2694 608 2742 plures
623 2704 786 2730 emanant
801 2695 1037 2746 scaturigines,
1052 2706 1196 2744 quarum
1211 2694 1716 2742 aquainpellucidumlapidem
1724 2691 1907 2731 vitriinstar
1926 2694 2045 2730 incrass
2070 2698 2072 2701 ’

349 2743 460 2783 sescit,
477 2741 513 2778 ὅ(
528 2743 716 2781 induratur.
764 2743 878 2793 Prope
891 2745 1115 2780 Peruvianam
1130 2743 1304 2779 civitatem
1319 2744 1546 2777 Guancavilcam
1565 2743 1644 2779 fons
1653 2743 1782 2778 calidus
1796 2741 1930 2782 ebullit,
1947 2739 2045 2789 cujus

349 2803 439 2838 aqua.
466 2802 550 2825 mox
573 2789 747 2844 lapidescit
766 2813 777 2832 ,
812 2793 830 2827 a
856 2793 1063 2840 quibuslibet
1095 2792 1197 2827 etiam
1225 2791 1454 2827 animantibus
1481 2800 1564 2839 pota
1588 2813 1599 2831 ,
1622 2792 1743 2826 eadem
1771 2801 1855 2826 mox
1882 2789 2045 2826 interimit

351 2840 435 2875 cum
457 2840 494 2874 in
523 2838 596 2886 ipfis
621 2838 770 2874 iimiliter
794 2842 992 2878 concrescat
1016 2841 1052 2876 in
1076 2838 1236 2888 lapidem.
1309 2836 1535 2875 Notiffimum
1559 2838 1631 2880 est,
1654 2839 1690 2874 in
1714 2838 1919 2886 Scepusiensi
1944 2838 2059 2873 Hun-·

351 2888 449 2970 {gariae
477 2886 657 2923 Comitatu
682 2885 795 2933 plures
820 2900 1001 2937 erumpere
1024 2889 1164 2927 fontes,
1190 2887 1249 2935 qui
1264 2885 1409 2941 ‘quaqua
1432 2887 1633 2935 gradiuntur
1648 2909 1659 2927 ,
1684 2887 1720 2922 in
1733 2886 1882 2935 lapidem
1906 2887 2045 2932 abeunt,

366 2946 464 2971 evem
485 2934 650 2981 quidem,
675 2934 711 2970 &
736 2936 931 2982 pumicibus
956 2948 1031 2972 non
1053 2934 1247 2971 dissimilem
1270 2948 1282 2980 3
1315 2946 1374 2982 qui
1398 2935 1438 2970 ea
1463 2935 1653 2982 quantitate
1689 2944 1833 2989 augetur
1853 2956 1864 2975 ,
1895 2944 1934 2970 ut
1963 2935 2058 2970 ube-·

351 2994 426 3018 rem
458 2984 584 3017 domus
613 2981 804 3018 aedificandi
833 2985 1010 3020 materiam
1042 2983 1170 3019 accolis
1199 2984 1347 3031 praebeat
1369 3005 1380 3023 ,
1419 2983 1451 3018 se
1475 2984 1602 3018 domos
1633 2993 1757 3030 aqueas
1787 2981 1941 3018 incolere
1970 2982 2042 3031 glo-

351 3031 526 3067 riantibus.
599 3030 665 3065 His
690 3031 802 3072 adde,
826 3033 974 3068 rivulum
1006 3032 1102 3067 illum
1134 3032 1169 3066 in
1196 3032 1314 3065 Glevelz's
1342 3032 1386 3066 ad
1418 3030 1537 3066 locum
1568 3030 1699 3067 distum
1728 3029 1944 3079 Achigmssglt'um
1961 3053 1972 3073 ‚
2002 3029 2043 3065 d'e

351 3089 423 3127 quo
449 3078 559 3123 scribit
584 3078 628 3114 D.
654 3079 832 3116 Sibbaldus
857 3081 892 3116 in
916 3081 1094 3129 pmdrom,
1124 3080 1249 3122 Natur.
1274 3078 1403 3127 Histor.
1427 3078 1552 3116 ScotIae
1575 3088 1662 3128 part.
1683 3078 1763 3134 nl.
1787 3090 1811 3117 1.
1840 3089 1928 3131 ⁰19?
1976 3077 2055 3161 Ηίὲξῑ
