2087 3610
272 208 366 271 148
975 200 1339 273 Meteorologia

275 288 473 315 memoratu
489 282 621 329 grando
637 282 693 318 illa
709 281 756 317 est
769 304 780 322 ,
797 280 977 329 unDEus
993 278 1155 329 percuffit
1171 281 1389 316 Pharaonem
1404 281 1600 331 ,fueritque
1614 282 1710 318 haud
1726 283 1832 320 dubie
1845 282 2010 323 maxima,

278 330 362 362 cum
377 329 409 362 in
420 339 492 365 tota
500 342 587 366 terra
594 331 732 379 AEgypti
741 332 781 365 ab
793 330 938 364 homine
947 328 1102 377 usquead
1112 327 1273 375 jumenta
1282 352 1292 369 ,
1305 328 1539 377 &metamque
1552 332 1697 366 herbam
1713 331 1895 380 &lignum
1910 342 1996 367 con-

275 375 433 424 fregerit,
448 388 486 413 ut
493 379 627 414 constat
636 391 677 415 ex
691 379 749 414 lib.
760 378 869 413 Exodi
878 390 909 417 c,
919 389 951 422 9.
967 377 1132 425 pariter&
1148 377 1200 412 illa
1209 379 1341 425 grando
1353 377 1493 413 insolitae
1501 379 1605 414 fuerit
1613 381 1879 427 magnitudinis,
1892 390 1998 427 quam

277 426 457 460 Dominus
467 427 500 461 in
511 429 701 463 exercitum
713 428 868 474 quinque
878 426 1039 474 Regnum
1056 427 1176 461 urbem
1188 426 1336 461 Gabaon
1345 426 1576 462 obsidentium
1592 427 1728 463 immitit
1738 450 1748 468 ,
1757 430 1842 463 dum
1861 428 2001 463 testatur

278 473 371 508 {acer
385 475 682 522 textuslib.Josuae
691 487 764 522 cap.
774 487 822 509 io.
873 477 915 508 Et
930 479 1044 507 mortus·
1051 476 1116 516 [iam
1125 475 1215 508 multo
1219 476 1313 521 plures
1325 473 1467 520 lapidibus
1470 475 1626 522 grandinis
1635 498 1646 514 ,
1662 489 1755 521 quam
1761 489 1830 522 quos
1830 476 1928 524 gladio
1933 487 2001 522 per-

278 522 421 568 afferunt
429 524 492 568 filii
503 525 602 568 Israel,
656 525 749 558 Inter
757 521 930 570 prodigia,
943 533 1019 569 quae
1034 522 1300 569 Hierosolymita
1307 523 1338 557 ni
1348 523 1462 571 Regni
1473 522 1748 559 Christianorum
1759 525 1933 559 excidium
1941 535 2001 559 an-

279 581 328 605 no
344 577 424 615 1187.
439 573 457 606 a
471 572 631 607 Saladino
645 571 808 619 AEgyptio
831 570 960 605 illatum
976 569 1183 618 praeceffere,
1192 570 1300 617 Tyrio
1323 581 1541 607 memorante
1556 594 1566 612 ,
1588 582 1709 618 praeter
1729 571 1880 607 insuetos
1902 581 2002 608 terrae

279 628 398 654 motus
406 642 416 659 ,
426 631 550 655 ventos
567 630 702 655 atroces
710 641 720 659 ,
738 618 813 653 solis
823 618 978 654 dafenus
988 641 999 658 ,
1018 630 1113 653 mare
1124 619 1221 654 (olito
1230 619 1309 654 aestu
1319 616 1451 665 majore
1462 621 1663 655 redundans
1679 620 1781 655 etiarn
1790 622 1924 668 grando
1933 623 2001 655 tre-

279 679 391 715 qucns
407 667 574 703 instat-ovi
592 667 738 703 anserini
755 666 849 702 coelo
865 667 1008 702 decidit.
1060 667 1161 702 Ratio
1170 678 1254 703 vero
1273 666 1432 702 naturalis
1441 666 1544 713 hujus
1558 669 1806 715 magnitudinis
1822 669 1912 704 inter
1926 679 2001 703 coe-

278 726 368 751 ter-as
385 715 536 764 superius
546 726 727 751 annotatas
737 727 809 750 non
825 714 997 763 postrema
1013 714 1059 750 est
1071 727 1185 763 pugna
1196 725 1381 751 ventorum
1392 716 1615 764 rigidiorum,
1624 728 1697 763 quae
1707 717 1883 752 materiam
1898 727 2000 765 gran·

279 765 386 804 dinis,
403 766 486 800 dum
502 765 617 800 adhuc
625 764 765 800 mollior
774 763 839 804 est,
850 763 885 799 <Sc
895 775 960 799 ceu
972 764 1058 798 nivis
1070 762 1346 811 colliquescentis
1358 764 1447 798 inter
1459 764 1489 798 se
1498 764 1588 800 varie
1598 764 1741 806 collidit,
1750 764 1829 800 &in
1837 765 2001 813 grandio-

279 824 353 848 rem
370 813 500 848 molem
511 813 742 847 confoederat.
795 812 906 860 Quod
914 811 1110 860 ‘ad-figuram
1127 812 1333 847 ordinariam
1349 812 1527 859 grandinis
1544 813 1667 847 attinet
1683 835 1693 853 ,
1706 824 1747 848 ea
1763 813 1938 849 interdum
1955 813 2002 850 est

279 862 446 900 rotunda,
462 862 637 896 interdum
646 859 815 909 angularis
825 860 878 895 vel
889 860 1011 895 ovalis.
1061 860 1229 896 Rotunda
1246 859 1310 899 est,
1327 862 1468 907 quando
1485 862 1503 895 a
1519 870 1608 895 terra
1623 870 1806 909 generatur
1820 862 2002 904 remotius,

278 909 377 944 altius
393 911 486 944 enim
501 908 633 957 delapsa
642 911 723 944 aie'ris
738 907 903 944 contactu
919 909 1076 943 atteritur
1096 919 1200 956 atque
1211 911 1431 943 rotundatur.
1480 909 1664 958 Angularis
1674 908 1736 948 est,
1744 911 1885 957 quando
1894 921 2001 958 gene-

277 967 371 994 ratur
380 970 488 1005 prope
498 957 686 997 terram,1ic
695 957 786 992 enim
797 968 871 991 non
881 966 1074 992 atteruntur
1088 956 1191 992 latera
1201 955 1285 1004 ejus.
1338 957 1456 991 Oval-is
1464 968 1548 992 vero
1567 958 1659 993 cadit
1667 957 1933 994 exinlufficienti
1942 959 2002 994 ad-

278 1007 351 1041 huc
359 1006 473 1041 attritu
485 1006 521 1042 ὃς
538 1006 695 1053 inaequali
707 1005 871 1041 contestu
884 1005 987 1049 abri33
1001 1016 1060 1039 aut
1076 1006 1275 1040 comitantis
1285 1006 1470 1054 grandinis,
1523 1005 1634 1052 Qod
1650 1006 1670 1040 ii
1687 1006 1861 1042 interdum
1876 1007 1911 1042 in
1924 1006 2001 1055 glo.

279 1054 367 1090 bulis
377 1055 583 1103 grandinum
591 1054 709 1103 ligna,
720 1054 788 1101 pili,
800 1054 922 1101 paleae,
932 1053 1077 1089 arenulae
1086 1077 1095 1092 ,
1107 1053 1298 1101 ssmilesque
1308 1053 1496 1101 quisquilia?
1506 1054 1735 1101 reperiantur,
1745 1066 1818 1090 non
1831 1055 1906 1091 haec
1915 1067 2002 1091 con.

280 1103 381 1138 tinuo
394 1103 565 1152 praestigiis
576 1103 797 1137 adlcribenda
807 1125 817 1141 ,
833 1114 912 1137 nam
924 1103 997 1137 haec
1014 1102 1108 1137 calor
1116 1101 1263 1137 coelestis
1273 1102 1399 1137 auxilio
1409 1112 1595 1137 ventorum
1613 1115 1681 1137 una
1696 1114 1776 1138 curn
1789 1114 1917 1151 vapore
1934 1102 2000 1139 sur-

276 1151 353 1186 rlum
369 1152 519 1187 evehere
529 1174 538 1190 ,
549 1151 583 1187 &
593 1152 642 1187 vis
652 1151 925 1199 deindefrigoris
935 1150 1156 1198 congelando
1165 1147 1330 1197 vaporem
1347 1149 1579 1205 agglutinare,
1590 1151 1624 1186 ὅ(
1645 1150 1790 1187 inserere
1804 1153 1929 1199 potuit.

374 1199 453 1235 Cur
466 1209 582 1234 autem
600 1200 757 1248 grandini
769 1199 947 1234 interdum
964 1199 1132 1247 imagines
1150 1198 1300 1233 mirificoe
1318 1211 1492 1233 variorum
1508 1199 1706 1234 animalium
1723 1199 1935 1248 aliarumque
1949 1212 2001 1236 re-

272 1260 356 1284 rum
366 1247 614 1295 fintimpreffaz,
630 1248 798 1296 explicatu
808 1247 855 1282 est
864 1246 1015 1282 difficile.
1065 1247 1736 1295 AlbeitusquidemMagnusavirtute&
1752 1248 1857 1284 nimia
1874 1248 2001 1284 callidi-

279 1307 350 1332 tate
367 1320 377 1336 ,
397 1297 453 1332 vel
470 1297 624 1345 lingulari
639 1296 751 1344 aliqua
769 1296 1031 1332 constellatione
1048 1295 1240 1331 coelestium
1257 1307 1445 1342 corporum
1459 1297 1520 1330 has
1535 1296 1701 1344 imagines
1721 1297 1766 1331 ita
1787 1295 2000 1333 conformari

277 1345 408 1383 censet.
459 1346 533 1393 Ego
552 1344 793 1381 haec&limilia
805 1344 894 1379 inter
903 1353 1064 1392 portenta
1074 1355 1234 1379 numero.
1284 1343 1386 1378 Tales
1401 1344 1608 1391 grandinum
1618 1345 1744 1391 (pecies
1757 1346 2001 1381 memorabiles

276 1394 473 1429 Nauclerus
485 1391 660 1434 describit,
678 1405 822 1441 quarum
837 1405 895 1433 ea,
912 1403 987 1439 quae
997 1404 1090 1426 anno
1103 1404 1194 1438 ¹240·
1216 1395 1358 1426 Cremome
1375 1393 1522 1431 decidit,
1540 1404 1670 1428 nucum
1686 1393 1926 1441 magnitudine
1938 1394 2001 1430 im-

277 1442 421 1491 press‘arn
432 1441 905 1491 crucisfiguram.tacie'1nque
915 1440 1040 1476 Christi
1051 1442 1092 1475 ad
1099 1441 1225 1489 scriptis
1233 1441 1362 1475 verbis:
1381 1441 1464 1487 JES
1477 1441 1537 1475 [18
1554 1441 1589 1476 N
1598 1444 1628 1476 A
1640 1441 1710 1476 ZA
1722 1442 1825 1477 REN
1836 1443 1868 1477 U
1878 1443 1899 1477 S
1914 1454 2000 1481 con-

278 1491 393 1528 tinuit.
443 1491 562 1526 Altera
571 1491 699 1526 veroin
710 1488 1253 1538 Regionibusseptentrionalibus
1269 1500 1442 1534 annoigq5.
1452 1489 1568 1524 mense
1578 1489 1734 1538 Augusto
1744 1490 1922 1529 decidens,
1930 1492 1994 1526 hu-

276 1550 395 1575 manas
412 1540 516 1575 facies
526 1539 701 1579 exhibuit,
717 1538 815 1585 cujus
831 1539 1050 1572 mentionem
1066 1549 1209 1585 quoque
1217 1538 1295 1572 lacit
1307 1537 1490 1573 Crantzius
1499 1538 1555 1572 lib.
1566 1538 1751 1581 9.Vandal.
1763 1549 1833 1586 cap,
1844 1551 1900 1585 42.
1912 1540 1998 1575 dum
2035 1562 2038 1568 ·
2062 1541 2068 1565 V

277 1597 474 1623 memorato
491 1600 585 1622 anno
602 1588 692 1623 circa
700 1587 889 1634 Assumptae
900 1586 1107 1634 D.Virginis
1125 1585 1246 1620 testum
1263 1587 1297 1619 in
1306 1586 1453 1620 Saxonia
1467 1585 1627 1621 cecidifl'e
1643 1586 1758 1621 scribit
1777 1587 2000 1635 grandinem.

280 1648 299 1682 q
307 1648 356 1672 uae
365 1636 634 1672 humanae-‘faciei
642 1637 744 1684 imagi
751 1647 829 1670 nem
840 1634 1035 1682 praetulerit.
1090 1635 1231 1669 Barbata
1240 1634 1350 1681 inquit
1359 1635 1511 1669 virorum
1520 1634 1754 1673 ,faeminarum
1763 1635 1846 1671 vero
1857 1635 2001 1684 crispan-

281 1683 374 1721 tibus
399 1685 554 1720 involuta
569 1684 675 1732 peplis
691 1684 806 1731 imago
819 1684 859 1718 ‹in
870 1683 1038 1732 grandine
1048 1684 1262 1717 cernebatur.
1289 1681 1489 1717 Ludow‘cus
1499 1682 1712 1717 Clavitellius
1727 1683 1886 1719 meminit
1902 1695 2002 1731 gran-

283 1734 372 1769 dinis
389 1732 550 1781 sanguine
563 1733 779 1780 mixtae,quae
791 1733 824 1767 in
836 1731 1188 1781 agro'Bononienfiad
1197 1734 1340 1765 Annum
1349 1730 1475 1765 Christi
1485 1742 1559 1776 1537.
1570 1733 1686 1766 menie
1694 1731 1849 1780 Augusto
1865 1733 2003 1774 cecidit,
2059 1769 2063 1774 ,

283 1783 319 1818 in
329 1794 368 1817 ea
378 1782 518 1817 inventa
529 1781 604 1815 sunt
618 1793 722 1829 grana
735 1804 745 1819 ,
760 1792 835 1828 quae
843 1781 1001 1827 pondere
1015 1779 1114 1814 libras
1126 1786 1180 1823 78.
1196 1778 1420 1815 excesserunt.
1471 1779 1553 1814 Hoc
1569 1789 1610 1813 ex
1620 1781 1743 1814 eadem
1754 1778 1891 1816 ratione
1903 1790 2004 1817 natu·
2060 1799 2063 1802 >

283 1831 397 1867 taliter
414 1829 766 1877 contingerepotuit,
779 1828 1006 1876 quapluviam
1020 1827 1225 1876 >sanguinem
1241 1826 1314 1861 fieri
1329 1827 1479 1874 superius
1494 1828 1749 1866 annotavimus.

377 1868 570 1915 Conclusio
586 1887 712 1925 quarta.
765 1877 989 1924 frequentius
1011 1888 1093 1911 vere
1107 1876 1142 1911 ὅ(
1166 1886 1337 1910 autumno
1360 1875 1544 1923 grandines
1556 1877 1726 1911 decidunt
1740 1898 1750 1916 ,
1766 1874 1850 1913 teste
1863 1876 1964 1913 Arist.
1978 1888 2003 1917 r.

281 1926 800 1974 Met.12.minusl‘requenterin
812 1924 923 1960 aestane
936 1947 946 1964 ,
957 1936 1160 1972 nunquam,
1175 1934 1235 1959 aut
1252 1922 1413 1958 rariffime
1430 1924 1463 1958 in
1477 1924 1617 1971 hyeme.
1669 1924 1768 1960 Ratio
1787 1924 1833 1960 est
1846 1947 1856 1965 ‚
1872 1927 1952 1973 quia
1965 1926 2002 1963 in

281 1975 409 2012 vere&
426 1985 595 2010 autumno
613 1975 707 2010 calor
722 1973 892 2009 sufficiens
906 1972 1017 2012 adest,
1033 1972 1090 2020 qui
1106 1973 1254 2008 excitare
1270 1970 1372 2019 pollit
1384 1983 1529 2020 vapores
1544 1995 1555 2011 ,
1569 1972 1628 2018 qui
1642 1973 1771 2008 deinde
1785 1973 1803 2007 a
1815 1973 2004 2020 frigiditate

273 2037 344 2074 :per
351 2023 591 2071 antiperistafin
607 2023 708 2063 auffl,
718 2022 816 2058 facile
826 2021 1012 2069 constringi
1023 2019 1176 2067 possunt.
1201 2024 1384 2056 Autumno
1399 2031 1515 2056 autem
1526 2019 1641 2067 stepius
1652 2021 1754 2068 quam
1763 2019 1844 2056 vere
1853 2022 1890 2056 fit
1901 2034 2001 2072 gran.

285 2076 354 2118 do·‚
371 2074 450 2119 quia
458 2073 539 2107 cum
548 2082 735 2107 autumnus
751 2070 909 2106 luccedat
918 2070 1030 2105 calido
1046 2069 1164 2104 aestatis
1172 2070 1340 2117 tempori,
1355 2081 1462 2116 vapor
1476 2069 1583 2118 magis
1600 2069 1646 2103 est
1660 2070 1810 2104 idoneus
1825 2071 1867 2105 ad
1882 2070 2001 2107 celeri·
2056 2112 2059 2119 Δ

280 2132 335 2157 ter
350 2121 385 2157 ὅ(
399 2118 574 2155 duriffime
589 2119 861 2168 congelandum.
910 2119 952 2153 in
968 2118 1081 2153 aestate
1097 2117 1421 2164 minirs'xiequenter
1435 2117 1611 2165 contingit
1626 2139 1635 2156 ,
1654 2117 1696 2152 eo
1712 2119 1808 2165 quod
1817 2118 1875 2153 Sol
1892 2130 2001 2156 mate-

282 2172 367 2206 riam
383 2171 480 2217 poene
495 2180 640 2203 omnem
648 2167 823 2217 grandinis
838 2166 1020 2203 consumit.
1071 2167 1248 2201 Inhvcme
1263 2177 1379 2200 autem
1396 2166 1767 2214 prop'teririgiditatem
1780 2177 1890 2214 'poros
1904 2177 2000 2204 terra:
2056 2173 2077 2184 ”

278 2218 581 2265 constringentem
591 2240 600 2257 ,
617 2228 721 2264 atque
729 2227 874 2264 vapores
885 2215 1042 2250 exhalare
1051 2207 1298 2263 prohibentem
1308 2237 1317 2254 ,
1332 2226 1425 2253 raro,
1440 2224 1499 2249 aut
1508 2226 1685 2261 nunquam
1696 2224 1888 2262 generatur.
1939 2217 2001 2253 Ea.

284 2270 365 2302 dem
375 2266 460 2300 ratio
471 2265 533 2305 est,
549 2278 610 2300 cur
620 2265 831 2313 ‘plerumque
845 2265 978 2313 grando
988 2264 1076 2298 circa
1093 2263 1292 2302 meridiem,
1307 2274 1381 2297 raro
1392 2262 1481 2297 circa
1489 2272 1604 2297 ortum
1622 2262 1657 2297 ὅ(
1674 2262 1832 2297 occasum
1842 2262 1941 2304 Solis,
1950 2277 2000 2301 ra.

282 2313 409 2352 riffime
427 2314 532 2349 no'ciu
543 2314 703 2349 decidere
713 2312 831 2352 soleat,
843 2313 922 2360 quia
937 2312 1120 2359 nempe-ad
1129 2311 1330 2347 elevandam
1347 2311 1482 2358 copiam
1500 2309 1725 2346 sufficientem
1742 2311 2002 2350 exhalationum

283 2362 543 2413 coagulantium
564 2362 747 2409 requiritur
757 2360 983 2410 tempestas&
996 2361 1085 2395 'hora
1101 2359 1220 2398 calida.
1270 2360 1424 2398 Deinde,
1433 2359 1511 2406 quia
1519 2358 1714 2407 coagulatio
1728 2359 1902 2407 grandinis
1917 2360 2002 2398 solet

279 2413 476 2460 ,procedere
485 2423 526 2446 ex
540 2409 754 2458 antiperistali
764 2433 774 2450 ,
790 2410 845 2445 [eu
862 2408 1186 2445 circumobfi-stentia
1201 2409 1374 2443 contrarii.
1424 2408 1520 2443 Sicut
1528 2407 1621 2442 enim
1636 2418 1731 2455 aquae
1743 2407 1914 2455 puteal-eS,
1924 2421 2000 2457 quae
2016 2424 2030 2431 *-

282 2463 410 2508 hyeme
426 2460 501 2494 fiant
516 2460 640 2506 tepidae
650 2482 662 2498 ,
675 2458 787 2493 testate
804 2458 957 2494 evadunt
970 2454 1189 2505 trigidiffimae
1203 2479 1213 2496 ,
1228 2468 1275 2491 eo
1291 2457 1387 2503 quod
1403 2456 1508 2505 (rigus
1521 2465 1661 2504 propter
1677 2456 1892 2492 obfidionem
1909 2457 2002 2493 calo-

279 2511 349 2549 ris,
363 2509 505 2555 recipiat
521 2507 551 2542 se
561 2507 782 2556 inprofundo
793 2517 895 2542 terrae
908 2519 923 2550 ς
937 2507 982 2540 ita
993 2517 1073 2541 curn
1091 2506 1496 2553 magnacopiaaquarum
1504 2505 1638 2539 avento
1655 2505 1848 2545 detinetur,
1863 2504 1899 2540 ὅ(
1916 2506 2000 2542 obii-

286 2562 388 2593 detur
402 2557 420 2591 a
437 2556 552 2592 calore
567 2555 761 2590 meridiano
775 2578 786 2595 ,
799 2555 900 2590 valde
914 2552 1056 2602 {rigel-it,
1072 2553 1107 2589 ὅ(
1123 2553 1330 2602 congelascit
1346 2566 1356 2598 3
1371 2553 1408 2588 ὅ(
1422 2552 1501 2600 quia
1517 2551 1624 2587 noctu
1638 2575 1649 2593 ,
1662 2564 1765 2588 mane
1773 2552 1955 2600 &vespere
1968 2567 2002 2591 a·
2061 2595 2063 2605 ,

284 2618 360 2650 ¹quae
370 2617 443 2640 non
461 2605 665 2640 oblidentut
679 2605 720 2639 ab
732 2604 865 2638 intenso
875 2602 1008 2641 calore,
1027 2613 1100 2637 non
1111 2601 1274 2637 soletfieri
1291 2602 1437 2650 grando,
1486 2601 1520 2636 Si
1528 2611 1648 2636 tamen
1663 2612 1705 2636 ex
1719 2599 1782 2636 alia
1797 2602 1894 2637 causa
1909 2602 2006 2639 infri-
2060 2610 2063 2639 ἶ

298 2651 448 2689 sidentur
461 2654 708 2693 vehementer,
724 2653 821 2700 quod
829 2662 905 2687 raro
915 2651 1109 2699 contingit,
1122 2660 1199 2686 tum
1219 2660 1342 2699 praeter
1356 2660 1493 2685 rnorem
1512 2650 1645 2698 grando
1658 2659 1842 2698 generatur
1858 2650 1960 2687 etiam
1974 2651 2001 2688 i-

298 2703 339 2739 tis
355 2702 583 2750 temporibus,

382 2751 528 2797 Quaeres
542 2750 667 2798 primo,
718 2748 795 2784 Cur
803 2760 907 2795 aqua,
925 2746 1067 2795 equafit
1074 2747 1209 2795 grando
1219 2769 1231 2786 ,
1246 2745 1391 2782 celerius
1399 2745 1614 2794 congeletur.
1665 2745 2000 2794 Respondeo,rat10-

282 2811 366 2835 nem
384 2799 466 2839 effe,
484 2799 562 2846 quia
576 2797 743 2833 retinetin
756 2796 919 2843 sealiquid
930 2796 1070 2837 caloris,
1089 2807 1193 2843 quem
1202 2796 1244 2830 ad
1252 2794 1566 2843 conglaciationem
1579 2793 1729 2829 multum
1739 2795 1901 2830 conferre
1914 2808 2001 2833 con·

279 2849 343 2884 stat
359 2847 569 2896 experientia
587 2859 598 2891 3
614 2846 779 2894 liquidem
797 2857 885 2892 aqua
901 2843 1133 2892 praecalefac'ta
1151 2843 1277 2892 frigido
1292 2843 1385 2879 coelo
1401 2842 1550 2890 exposita
1562 2864 1573 2882 ,
1589 2842 1773 2890 impensius
1787 2842 2003 2892 celeriusque

284 2897 523 2946 refrigeratum
536 2895 719 2934 nimirum,
735 2893 814 2941 quia
829 2893 923 2928 calor
931 2905 1055 2941 aquam
1070 2901 1241 2932 attenuat,
1256 2891 1293 2927 ὃς
1306 2891 1484 2936 raiefacit3
1495 2889 1660 2926 rarefacta
1674 2889 1764 2926 hosti
1777 2893 1885 2940 magis
1897 2902 2001 2941 patet,

288 2943 432 2992 ejusque
448 2945 518 2979 vim
533 2942 773 2979 incundanter
785 2941 905 2989 recipit
918 2963 928 2980 ,
944 2941 1244 2988 quemadmodum
1259 2940 1295 2975 ὅ(
1311 2939 1413 2974 denia
1427 2940 1473 2974 ob
1488 2939 1638 2974 materiae
1652 2939 1911 2976 multitudinem
1925 2951 2000 2989 per.

285 2993 434 3029 tinacius
448 2991 563 3028 refistit
578 3005 589 3036 3
612 2992 657 3027 ita
672 2990 711 3026 fit
721 3013 734 3030 ,
750 3000 789 3025 ut
803 3001 890 3037 aqua
904 2988 1020 3037 pluvia
1035 2991 1081 3025 ob
1091 2987 1258 3024 inclusum
1272 2988 1421 3023 calore-m
1435 2987 1567 3023 facilius
1582 2987 1619 3022 in
1631 2985 1823 3037 gelucoe'at
1833 3010 1844 3030 ,
1859 2989 1939 3038 quia
1951 3001 2002 3027 ra·

285 3042 358 3077 rior
372 3041 437 3080 est,
452 3041 671 3088 proindeque
682 3038 865 3074 infinuanti
881 3038 911 3072 se
919 3037 1045 3085 frigido
1061 3038 1130 3073 aeri
1143 3037 1334 3072 faciliorem
1346 3036 1477 3084 ‚praebet
1497 3035 1642 3071 aditum.

387 3089 532 3136 Qaeres
549 3090 713 3124 secundo.
740 3087 815 3123 Cur
834 3097 1014 3133 nunquam
1031 3085 1134 3121 soleat
1142 3085 1298 3134 generari
1312 3085 1464 3133 grandO,
1480 3084 1565 3131 quin
1574 3083 1766 3119 vehemens
1778 3093 1903 3120 ventus
1917 3095 1998 3132 prae-

285 3136 440 3176 cesserit?
455 3137 684 3186 Respondeo,
694 3136 869 3174 rationem
884 3133 951 3172 else
964 3157 975 3177 ,
992 3134 1070 3183 quia
1082 3134 1105 3172 si
1123 3139 1181 3171 aer
1195 3133 1309 3171 tenuis
1325 3133 1390 3177 est,
1405 3143 1480 3170 non
1490 3131 1819 3182 eliz-frigidusffluare
1829 3132 2000 3183 gelascere
2036 3135 2043 3140 ”

1925 3192 2000 3220 non
