<?xml version="1.0" encoding="UTF-8"?>
<!DOCTYPE html PUBLIC "-//W3C//DTD XHTML 1.0 Transitional//EN"
    "http://www.w3.org/TR/xhtml1/DTD/xhtml1-transitional.dtd">
<html xmlns="http://www.w3.org/1999/xhtml" xml:lang="en" lang="en">
 <head>
  <title>
</title>
<meta http-equiv="Content-Type" content="text/html;charset=utf-8" />
  <meta name='ocr-system' content='tesseract 3.04.00' />
  <meta name='ocr-capabilities' content='ocr_page ocr_carea ocr_par ocr_line ocrx_word'/>
</head>
<body>
  <div class='ocr_page' id='page_1' title='image "./meteorologiaphil00reinz/meteorologiaphil00reinz_0073.png"; bbox 0 0 2087 3610; ppageno 0'>
   <div class='ocr_carea' id='block_1_1' title="bbox 602 225 1751 302">
    <p class='ocr_par' dir='ltr' id='par_1_1' title="bbox 602 225 1751 302">
     <span class='ocr_line' id='line_1_1' title="bbox 602 225 1751 302; baseline -0.003 -16"><span class='ocrx_word' id='word_1_1' title='bbox 602 225 1171 302; x_wconf 83' lang='lat' dir='ltr'>Philosophico-Politica.</span> <span class='ocrx_word' id='word_1_2' title='bbox 1689 229 1751 296; x_wconf 72' lang='lat'>63</span> 
     </span>
    </p>
   </div>
   <div class='ocr_carea' id='block_1_2' title="bbox 40 311 1767 3210">
    <p class='ocr_par' dir='ltr' id='par_1_2' title="bbox 41 311 1756 734">
     <span class='ocr_line' id='line_1_2' title="bbox 41 311 1749 365; baseline 0.001 -11"><span class='ocrx_word' id='word_1_3' title='bbox 41 330 110 365; x_wconf 77' lang='lat'>550.</span> <span class='ocrx_word' id='word_1_4' title='bbox 123 317 164 354; x_wconf 84' lang='lat' dir='ltr'>ln</span> <span class='ocrx_word' id='word_1_5' title='bbox 173 316 319 353; x_wconf 85' lang='lat' dir='ltr'>modum</span> <span class='ocrx_word' id='word_1_6' title='bbox 327 313 482 349; x_wconf 68' lang='lat' dir='ltr'>maximae</span> <span class='ocrx_word' id='word_1_7' title='bbox 497 312 600 347; x_wconf 86' lang='lat' dir='ltr'>trabis</span> <span class='ocrx_word' id='word_1_8' title='bbox 614 323 676 360; x_wconf 89' lang='lat' dir='ltr'>per</span> <span class='ocrx_word' id='word_1_9' title='bbox 690 324 726 357; x_wconf 88' lang='lat'>4.</span> <span class='ocrx_word' id='word_1_10' title='bbox 741 311 875 347; x_wconf 89' lang='lat' dir='ltr'>menses</span> <span class='ocrx_word' id='word_1_11' title='bbox 891 312 978 347; x_wconf 88' lang='lat' dir='ltr'>visus</span> <span class='ocrx_word' id='word_1_12' title='bbox 994 312 1041 347; x_wconf 88' lang='lat' dir='ltr'>est</span> <span class='ocrx_word' id='word_1_13' title='bbox 1058 323 1142 357; x_wconf 81' lang='lat'><em>1017.</em></span> <span class='ocrx_word' id='word_1_14' title='bbox 1169 311 1335 348; x_wconf 86' lang='lat' dir='ltr'>Mirabilis</span> <span class='ocrx_word' id='word_1_15' title='bbox 1353 311 1390 349; x_wconf 74' lang='grc' dir='ltr'>ὅ(</span> <span class='ocrx_word' id='word_1_16' title='bbox 1406 312 1686 364; x_wconf 73' lang='lat' dir='ltr'>{inguini-is&#39;plane</span> <span class='ocrx_word' id='word_1_17' title='bbox 1700 323 1749 356; x_wconf 75' lang='lat' dir='ltr'>vi-</span> 
     </span>
     <span class='ocr_line' id='line_1_3' title="bbox 43 360 1750 415; baseline 0.001 -12"><span class='ocrx_word' id='word_1_18' title='bbox 43 369 187 403; x_wconf 75' lang='lat' dir='ltr'>debatur</span> <span class='ocrx_word' id='word_1_19' title='bbox 200 373 335 401; x_wconf 79' lang='lat' dir='ltr'>cometa</span> <span class='ocrx_word' id='word_1_20' title='bbox 352 373 445 396; x_wconf 88' lang='lat' dir='ltr'>anno</span> <span class='ocrx_word' id='word_1_21' title='bbox 463 366 545 402; x_wconf 85' lang='lat'>1180.</span> <span class='ocrx_word' id='word_1_22' title='bbox 563 372 643 395; x_wconf 90' lang='lat' dir='ltr'>nam</span> <span class='ocrx_word' id='word_1_23' title='bbox 658 360 851 408; x_wconf 84' lang='lat' dir='ltr'>serpentem</span> <span class='ocrx_word' id='word_1_24' title='bbox 882 361 1049 396; x_wconf 76' lang='lat' dir='ltr'>hirsutum</span> <span class='ocrx_word' id='word_1_25' title='bbox 1064 360 1307 409; x_wconf 66' lang='lat' dir='ltr'>repraesentans</span> <span class='ocrx_word' id='word_1_26' title='bbox 1330 372 1425 396; x_wconf 87' lang='lat' dir='ltr'>nunc</span> <span class='ocrx_word' id='word_1_27' title='bbox 1448 366 1732 411; x_wconf 77' lang='lat' dir='ltr'>progrediebatur</span> <span class='ocrx_word' id='word_1_28' title='bbox 1739 380 1750 415; x_wconf 89' lang='lat'>;</span> 
     </span>
     <span class='ocr_line' id='line_1_4' title="bbox 43 408 1751 461; baseline -0.002 -10"><span class='ocrx_word' id='word_1_29' title='bbox 43 416 182 451; x_wconf 90' lang='lat' dir='ltr'>nuncin</span> <span class='ocrx_word' id='word_1_30' title='bbox 191 412 287 461; x_wconf 80' lang='lat' dir='ltr'>spiras</span> <span class='ocrx_word' id='word_1_31' title='bbox 305 411 336 445; x_wconf 75' lang='lat' dir='ltr'>le</span> <span class='ocrx_word' id='word_1_32' title='bbox 345 410 546 455; x_wconf 49' lang='lat' dir='ltr'>colligebam</span> <span class='ocrx_word' id='word_1_33' title='bbox 572 419 668 443; x_wconf 89' lang='lat' dir='ltr'>nunc</span> <span class='ocrx_word' id='word_1_34' title='bbox 677 420 759 444; x_wconf 88' lang='lat' dir='ltr'>cum</span> <span class='ocrx_word' id='word_1_35' title='bbox 769 409 1132 444; x_wconf 85' lang='lat' dir='ltr'>horroreintuentium</span> <span class='ocrx_word' id='word_1_36' title='bbox 1142 432 1152 449; x_wconf 93' lang='lat'>‚</span> <span class='ocrx_word' id='word_1_37' title='bbox 1171 409 1261 456; x_wconf 79' lang='lat' dir='ltr'>quali</span> <span class='ocrx_word' id='word_1_38' title='bbox 1277 408 1456 444; x_wconf 75' lang='lat' dir='ltr'>inferiores</span> <span class='ocrx_word' id='word_1_39' title='bbox 1473 422 1515 445; x_wconf 83' lang='lat' dir='ltr'>ex</span> <span class='ocrx_word' id='word_1_40' title='bbox 1529 412 1597 447; x_wconf 88' lang='lat' dir='ltr'>alto</span> <span class='ocrx_word' id='word_1_41' title='bbox 1608 415 1751 452; x_wconf 73' lang='lat' dir='ltr'>devora,</span> 
     </span>
     <span class='ocr_line' id='line_1_5' title="bbox 41 449 1753 506; baseline 0 -6"><span class='ocrx_word' id='word_1_42' title='bbox 41 473 140 500; x_wconf 82' lang='lat' dir='ltr'>turus</span> <span class='ocrx_word' id='word_1_43' title='bbox 149 461 248 500; x_wconf 68' lang='lat' dir='ltr'>effen,</span> <span class='ocrx_word' id='word_1_44' title='bbox 263 458 406 494; x_wconf 73' lang='lat' dir='ltr'>humani</span> <span class='ocrx_word' id='word_1_45' title='bbox 421 449 591 506; x_wconf 80' lang='lat' dir='ltr'>sanguinis</span> <span class='ocrx_word' id='word_1_46' title='bbox 609 457 728 492; x_wconf 85' lang='lat' dir='ltr'>avidus</span> <span class='ocrx_word' id='word_1_47' title='bbox 742 455 873 491; x_wconf 87' lang='lat' dir='ltr'>vastum</span> <span class='ocrx_word' id='word_1_48' title='bbox 886 456 1009 491; x_wconf 66' lang='lat' dir='ltr'>riuum</span> <span class='ocrx_word' id='word_1_49' title='bbox 1024 458 1206 505; x_wconf 81' lang='lat' dir='ltr'>aperiebat.</span> <span class='ocrx_word' id='word_1_50' title='bbox 1233 459 1341 492; x_wconf 88' lang='lat' dir='ltr'>Anno</span> <span class='ocrx_word' id='word_1_51' title='bbox 1361 469 1425 500; x_wconf 83' lang='lat'>1511.</span> <span class='ocrx_word' id='word_1_52' title='bbox 1443 457 1551 495; x_wconf 86' lang='lat' dir='ltr'>illuxit</span> <span class='ocrx_word' id='word_1_53' title='bbox 1565 472 1702 499; x_wconf 87' lang='lat' dir='ltr'>cometa</span> <span class='ocrx_word' id='word_1_54' title='bbox 1718 467 1753 502; x_wconf 86' lang='lat' dir='ltr'>in</span> 
     </span>
     <span class='ocr_line' id='line_1_6' title="bbox 43 503 1754 554; baseline 0 -6"><span class='ocrx_word' id='word_1_55' title='bbox 43 506 355 548; x_wconf 82' lang='lat' dir='ltr'>Lombardiainstar</span> <span class='ocrx_word' id='word_1_56' title='bbox 364 506 454 554; x_wconf 69' lang='lat' dir='ltr'>ignei</span> <span class='ocrx_word' id='word_1_57' title='bbox 463 505 625 552; x_wconf 80' lang='lat' dir='ltr'>pavonis,</span> <span class='ocrx_word' id='word_1_58' title='bbox 633 506 652 539; x_wconf 82' lang='grc' dir='ltr'>ὲ</span> <span class='ocrx_word' id='word_1_59' title='bbox 661 516 732 552; x_wconf 88' lang='lat' dir='ltr'>quo</span> <span class='ocrx_word' id='word_1_60' title='bbox 741 525 751 544; x_wconf 85' lang='lat'>‚</span> <span class='ocrx_word' id='word_1_61' title='bbox 765 505 848 540; x_wconf 82' lang='lat' dir='ltr'>cum</span> <span class='ocrx_word' id='word_1_62' title='bbox 864 503 1050 540; x_wconf 74' lang='lat' dir='ltr'>evanuisset</span> <span class='ocrx_word' id='word_1_63' title='bbox 1065 527 1076 545; x_wconf 88' lang='lat'>‚</span> <span class='ocrx_word' id='word_1_64' title='bbox 1099 515 1169 540; x_wconf 79' lang='lat' dir='ltr'>tres</span> <span class='ocrx_word' id='word_1_65' title='bbox 1185 505 1314 552; x_wconf 79' lang='lat' dir='ltr'>lapides</span> <span class='ocrx_word' id='word_1_66' title='bbox 1340 505 1511 552; x_wconf 84' lang='lat' dir='ltr'>sulphurei</span> <span class='ocrx_word' id='word_1_67' title='bbox 1532 509 1754 554; x_wconf 85' lang='lat' dir='ltr'>deciderunt,</span> 
     </span>
     <span class='ocr_line' id='line_1_7' title="bbox 45 545 1756 609; baseline 0.002 -16"><span class='ocrx_word' id='word_1_68' title='bbox 45 569 195 609; x_wconf 87' lang='lat' dir='ltr'>quorum</span> <span class='ocrx_word' id='word_1_69' title='bbox 233 556 339 591; x_wconf 84' lang='lat' dir='ltr'>rimus</span> <span class='ocrx_word' id='word_1_70' title='bbox 355 545 424 591; x_wconf 68' lang='grc' dir='ltr'>ιὲο.</span> <span class='ocrx_word' id='word_1_71' title='bbox 439 553 523 588; x_wconf 89' lang='lat' dir='ltr'>alter</span> <span class='ocrx_word' id='word_1_72' title='bbox 538 555 596 588; x_wconf 86' lang='lat'>60.</span> <span class='ocrx_word' id='word_1_73' title='bbox 615 554 734 588; x_wconf 90' lang='lat' dir='ltr'>tertius</span> <span class='ocrx_word' id='word_1_74' title='bbox 750 564 807 588; x_wconf 86' lang='lat'>20.</span> <span class='ocrx_word' id='word_1_75' title='bbox 821 552 920 588; x_wconf 87' lang='lat' dir='ltr'>libras</span> <span class='ocrx_word' id='word_1_76' title='bbox 935 554 1093 600; x_wconf 88' lang='lat' dir='ltr'>pondere</span> <span class='ocrx_word' id='word_1_77' title='bbox 1101 555 1257 601; x_wconf 77' lang='lat' dir='ltr'>oequavit.</span> <span class='ocrx_word' id='word_1_78' title='bbox 1309 555 1416 589; x_wconf 87' lang='lat' dir='ltr'>Anno</span> <span class='ocrx_word' id='word_1_79' title='bbox 1432 564 1512 601; x_wconf 74' lang='lat'>1541.</span> <span class='ocrx_word' id='word_1_80' title='bbox 1529 568 1669 594; x_wconf 88' lang='lat' dir='ltr'>cometa</span> <span class='ocrx_word' id='word_1_81' title='bbox 1685 562 1756 598; x_wconf 81' lang='lat' dir='ltr'>visu</span> 
     </span>
     <span class='ocr_line' id='line_1_8' title="bbox 44 568 1752 659; baseline 0.004 -25"><span class='ocrx_word' id='word_1_82' title='bbox 44 605 200 644; x_wconf 64' lang='lat' dir='ltr'>terribilis</span> <span class='ocrx_word' id='word_1_83' title='bbox 209 568 374 641; x_wconf 50' lang='lat' dir='ltr'>braconis</span> <span class='ocrx_word' id='word_1_84' title='bbox 385 603 532 638; x_wconf 80' lang='lat' dir='ltr'>formam</span> <span class='ocrx_word' id='word_1_85' title='bbox 544 600 868 640; x_wconf 66' lang='lat' dir='ltr'>reterens‚caudam</span> <span class='ocrx_word' id='word_1_86' title='bbox 895 612 939 635; x_wconf 88' lang='lat' dir='ltr'>ue</span> <span class='ocrx_word' id='word_1_87' title='bbox 948 601 1157 648; x_wconf 68' lang='lat' dir='ltr'>praelongam</span> <span class='ocrx_word' id='word_1_88' title='bbox 1176 602 1314 650; x_wconf 77' lang='lat' dir='ltr'>igneam</span> <span class='ocrx_word' id='word_1_89' title='bbox 1330 604 1524 638; x_wconf 87' lang='lat' dir='ltr'>extendens</span> <span class='ocrx_word' id='word_1_90' title='bbox 1543 605 1602 640; x_wconf 92' lang='lat' dir='ltr'>die</span> <span class='ocrx_word' id='word_1_91' title='bbox 1615 617 1645 644; x_wconf 83' lang='lat'>2.</span> <span class='ocrx_word' id='word_1_92' title='bbox 1661 611 1752 659; x_wconf 84' lang='lat' dir='ltr'>Aug.</span> 
     </span>
     <span class='ocr_line' id='line_1_9' title="bbox 42 611 1754 704; baseline -0.001 -16"><span class='ocrx_word' id='word_1_93' title='bbox 42 652 244 704; x_wconf 58' lang='lat' dir='ltr'>conspectus</span> <span class='ocrx_word' id='word_1_94' title='bbox 254 651 311 686; x_wconf 77' lang='lat' dir='ltr'>est.</span> <span class='ocrx_word' id='word_1_95' title='bbox 360 651 446 686; x_wconf 81' lang='lat' dir='ltr'>Haec</span> <span class='ocrx_word' id='word_1_96' title='bbox 455 649 637 685; x_wconf 73' lang='lat' dir='ltr'>occaiione</span> <span class='ocrx_word' id='word_1_97' title='bbox 645 648 762 699; x_wconf 83' lang='lat' dir='ltr'>figurae</span> <span class='ocrx_word' id='word_1_98' title='bbox 773 611 910 685; x_wconf 46' lang='lat' dir='ltr'>diverilae</span> <span class='ocrx_word' id='word_1_99' title='bbox 923 649 959 684; x_wconf 88' lang='lat' dir='ltr'>in</span> <span class='ocrx_word' id='word_1_100' title='bbox 969 650 1119 684; x_wconf 76' lang='lat' dir='ltr'>‘cometis</span> <span class='ocrx_word' id='word_1_101' title='bbox 1128 659 1312 690; x_wconf 66' lang='lat' dir='ltr'>annotatae,</span> <span class='ocrx_word' id='word_1_102' title='bbox 1322 650 1526 687; x_wconf 88' lang='lat' dir='ltr'>eruditionis</span> <span class='ocrx_word' id='word_1_103' title='bbox 1537 655 1638 690; x_wconf 67' lang='lat' dir='ltr'>causa</span> <span class='ocrx_word' id='word_1_104' title='bbox 1647 667 1754 693; x_wconf 77' lang='lat' dir='ltr'>anne.</span> 
     </span>
     <span class='ocr_line' id='line_1_10' title="bbox 255 709 290 734; baseline 0 0"><span class='ocrx_word' id='word_1_105' title='bbox 255 709 290 734; x_wconf 79' lang='lat' dir='ltr'>it.</span> 
     </span>
    </p>

    <p class='ocr_par' dir='ltr' id='par_1_3' title="bbox 42 701 1759 1140">
     <span class='ocr_line' id='line_1_11' title="bbox 45 701 1754 793; baseline 0.004 -11"><span class='ocrx_word' id='word_1_106' title='bbox 45 701 290 786; x_wconf 42' lang='lat' dir='ltr'>&amp;eteglgffililva</span> <span class='ocrx_word' id='word_1_107' title='bbox 305 755 422 782; x_wconf 89' lang='lat' dir='ltr'>tamen</span> <span class='ocrx_word' id='word_1_108' title='bbox 429 769 439 786; x_wconf 81' lang='lat'>,</span> <span class='ocrx_word' id='word_1_109' title='bbox 447 745 658 782; x_wconf 83' lang='lat' dir='ltr'>differentias</span> <span class='ocrx_word' id='word_1_110' title='bbox 666 753 883 780; x_wconf 89' lang='lat' dir='ltr'>cometarum</span> <span class='ocrx_word' id='word_1_111' title='bbox 891 739 1107 792; x_wconf 68' lang='lat' dir='ltr'>potiffimum</span> <span class='ocrx_word' id='word_1_112' title='bbox 1115 756 1157 780; x_wconf 87' lang='lat' dir='ltr'>ex</span> <span class='ocrx_word' id='word_1_113' title='bbox 1174 744 1241 781; x_wconf 84' lang='lat' dir='ltr'>sola</span> <span class='ocrx_word' id='word_1_114' title='bbox 1252 744 1471 793; x_wconf 83' lang='lat' dir='ltr'>dispositione</span> <span class='ocrx_word' id='word_1_115' title='bbox 1478 748 1572 784; x_wconf 71' lang='lat' dir='ltr'>visus</span> <span class='ocrx_word' id='word_1_116' title='bbox 1582 750 1694 787; x_wconf 67' lang='lat' dir='ltr'>notris</span> <span class='ocrx_word' id='word_1_117' title='bbox 1703 753 1754 789; x_wconf 86' lang='lat' dir='ltr'>in-</span> 
     </span>
     <span class='ocr_line' id='line_1_12' title="bbox 43 790 1757 842; baseline 0 -6"><span class='ocrx_word' id='word_1_118' title='bbox 43 798 219 837; x_wconf 83' lang='lat' dir='ltr'>tetSolem</span> <span class='ocrx_word' id='word_1_119' title='bbox 236 795 272 832; x_wconf 71' lang='grc' dir='ltr'>ὃς</span> <span class='ocrx_word' id='word_1_120' title='bbox 287 804 441 830; x_wconf 79' lang='lat' dir='ltr'>cometas</span> <span class='ocrx_word' id='word_1_121' title='bbox 457 794 537 829; x_wconf 89' lang='lat' dir='ltr'>oriri</span> <span class='ocrx_word' id='word_1_122' title='bbox 552 816 563 834; x_wconf 86' lang='lat'>,</span> <span class='ocrx_word' id='word_1_123' title='bbox 594 793 716 842; x_wconf 88' lang='lat' dir='ltr'>procul</span> <span class='ocrx_word' id='word_1_124' title='bbox 734 793 861 841; x_wconf 72' lang='lat' dir='ltr'>nempe</span> <span class='ocrx_word' id='word_1_125' title='bbox 879 790 1083 840; x_wconf 89' lang='lat' dir='ltr'>hujusmodi</span> <span class='ocrx_word' id='word_1_126' title='bbox 1098 804 1246 842; x_wconf 86' lang='lat' dir='ltr'>corpora</span> <span class='ocrx_word' id='word_1_127' title='bbox 1254 794 1543 833; x_wconf 83' lang='lat' dir='ltr'>aliteracaliterin</span> <span class='ocrx_word' id='word_1_128' title='bbox 1553 798 1676 834; x_wconf 90' lang='lat' dir='ltr'>oculos</span> <span class='ocrx_word' id='word_1_129' title='bbox 1691 813 1757 836; x_wconf 48' lang='lat' dir='ltr'>noa</span> 
     </span>
     <span class='ocr_line' id='line_1_13' title="bbox 42 840 1758 886; baseline 0.001 -2"><span class='ocrx_word' id='word_1_130' title='bbox 42 847 130 884; x_wconf 73' lang='lat' dir='ltr'>stros</span> <span class='ocrx_word' id='word_1_131' title='bbox 137 846 322 882; x_wconf 80' lang='lat' dir='ltr'>incurrunt.</span> <span class='ocrx_word' id='word_1_132' title='bbox 375 844 478 878; x_wconf 78' lang='lat' dir='ltr'>Unde</span> <span class='ocrx_word' id='word_1_133' title='bbox 493 843 583 878; x_wconf 81' lang='lat' dir='ltr'>bene</span> <span class='ocrx_word' id='word_1_134' title='bbox 596 843 698 877; x_wconf 86' lang='lat' dir='ltr'>etiam</span> <span class='ocrx_word' id='word_1_135' title='bbox 713 842 846 877; x_wconf 86' lang='lat' dir='ltr'>Seneca</span> <span class='ocrx_word' id='word_1_136' title='bbox 857 840 879 876; x_wconf 93' lang='lat' dir='ltr'>l.</span> <span class='ocrx_word' id='word_1_137' title='bbox 889 852 922 886; x_wconf 90' lang='lat'>7.</span> <span class='ocrx_word' id='word_1_138' title='bbox 939 853 970 877; x_wconf 91' lang='lat' dir='ltr'>c.</span> <span class='ocrx_word' id='word_1_139' title='bbox 986 852 1026 876; x_wconf 87' lang='lat'>11.</span> <span class='ocrx_word' id='word_1_140' title='bbox 1041 842 1087 877; x_wconf 88' lang='lat' dir='ltr'>de</span> <span class='ocrx_word' id='word_1_141' title='bbox 1098 843 1247 878; x_wconf 87' lang='lat' dir='ltr'>cometis</span> <span class='ocrx_word' id='word_1_142' title='bbox 1265 842 1427 878; x_wconf 81' lang='lat' dir='ltr'>differens</span> <span class='ocrx_word' id='word_1_143' title='bbox 1441 845 1487 880; x_wconf 88' lang='lat' dir='ltr'>ait</span> <span class='ocrx_word' id='word_1_144' title='bbox 1503 859 1512 880; x_wconf 92' lang='lat'>:</span> <span class='ocrx_word' id='word_1_145' title='bbox 1536 846 1616 882; x_wconf 83' lang='lat' dir='ltr'>Sive</span> <span class='ocrx_word' id='word_1_146' title='bbox 1624 848 1687 884; x_wconf 81' lang='lat' dir='ltr'>fint</span> <span class='ocrx_word' id='word_1_147' title='bbox 1699 851 1758 886; x_wconf 84' lang='lat' dir='ltr'>ali-</span> 
     </span>
     <span class='ocr_line' id='line_1_14' title="bbox 43 887 1758 945; baseline 0.002 -15"><span class='ocrx_word' id='word_1_148' title='bbox 43 907 121 945; x_wconf 85' lang='lat' dir='ltr'>quae</span> <span class='ocrx_word' id='word_1_149' title='bbox 128 891 324 931; x_wconf 71' lang='lat' dir='ltr'>differentiae</span> <span class='ocrx_word' id='word_1_150' title='bbox 342 891 498 930; x_wconf 81' lang='lat' dir='ltr'>illorum,</span> <span class='ocrx_word' id='word_1_151' title='bbox 513 890 579 926; x_wconf 79' lang='lat' dir='ltr'>sive</span> <span class='ocrx_word' id='word_1_152' title='bbox 593 902 665 926; x_wconf 90' lang='lat' dir='ltr'>non</span> <span class='ocrx_word' id='word_1_153' title='bbox 681 890 764 935; x_wconf 80' lang='lat' dir='ltr'>lint3</span> <span class='ocrx_word' id='word_1_154' title='bbox 789 890 911 925; x_wconf 62' lang='lat' dir='ltr'>eadem</span> <span class='ocrx_word' id='word_1_155' title='bbox 921 887 1005 924; x_wconf 84' lang='lat' dir='ltr'>fiant</span> <span class='ocrx_word' id='word_1_156' title='bbox 1018 891 1138 925; x_wconf 85' lang='lat' dir='ltr'>omnia</span> <span class='ocrx_word' id='word_1_157' title='bbox 1151 891 1286 926; x_wconf 85' lang='lat' dir='ltr'>ratione</span> <span class='ocrx_word' id='word_1_158' title='bbox 1301 891 1435 927; x_wconf 78' lang='lat' dir='ltr'>necesse</span> <span class='ocrx_word' id='word_1_159' title='bbox 1450 892 1508 928; x_wconf 86' lang='lat' dir='ltr'>cst.</span> <span class='ocrx_word' id='word_1_160' title='bbox 1560 896 1758 942; x_wconf 80' lang='lat' dir='ltr'>Qodfita-</span> 
     </span>
     <span class='ocr_line' id='line_1_15' title="bbox 42 935 1758 986; baseline 0.001 -5"><span class='ocrx_word' id='word_1_161' title='bbox 42 955 126 981; x_wconf 86' lang='lat' dir='ltr'>men</span> <span class='ocrx_word' id='word_1_162' title='bbox 134 950 279 979; x_wconf 84' lang='lat' dir='ltr'>cometae</span> <span class='ocrx_word' id='word_1_163' title='bbox 286 940 553 975; x_wconf 58' lang='lat' dir='ltr'>extraordinaria</span> <span class='ocrx_word' id='word_1_164' title='bbox 563 939 598 975; x_wconf 78' lang='grc' dir='ltr'>ὅ(</span> <span class='ocrx_word' id='word_1_165' title='bbox 609 938 740 974; x_wconf 64' lang='lat' dir='ltr'>insolita</span> <span class='ocrx_word' id='word_1_166' title='bbox 753 935 940 986; x_wconf 83' lang='lat' dir='ltr'>apparuisse</span> <span class='ocrx_word' id='word_1_167' title='bbox 950 937 1076 986; x_wconf 64' lang='lat' dir='ltr'>figura,</span> <span class='ocrx_word' id='word_1_168' title='bbox 1085 938 1202 986; x_wconf 89' lang='lat' dir='ltr'>quales</span> <span class='ocrx_word' id='word_1_169' title='bbox 1212 939 1314 986; x_wconf 81' lang='lat' dir='ltr'>paulo</span> <span class='ocrx_word' id='word_1_170' title='bbox 1323 950 1403 975; x_wconf 89' lang='lat' dir='ltr'>ante</span> <span class='ocrx_word' id='word_1_171' title='bbox 1410 945 1603 978; x_wconf 83' lang='lat' dir='ltr'>enumerati</span> <span class='ocrx_word' id='word_1_172' title='bbox 1617 946 1758 983; x_wconf 84' lang='lat' dir='ltr'>censen-</span> 
     </span>
     <span class='ocr_line' id='line_1_16' title="bbox 42 986 1759 1036; baseline 0.003 -10"><span class='ocrx_word' id='word_1_173' title='bbox 42 988 386 1033; x_wconf 77' lang='lat' dir='ltr'>tur‚abAstron0mis</span> <span class='ocrx_word' id='word_1_174' title='bbox 394 988 623 1026; x_wconf 79' lang='lat' dir='ltr'>adnotentur,</span> <span class='ocrx_word' id='word_1_175' title='bbox 642 986 796 1036; x_wconf 79' lang='lat' dir='ltr'>lingulati</span> <span class='ocrx_word' id='word_1_176' title='bbox 804 987 896 1020; x_wconf 85' lang='lat' dir='ltr'>haud</span> <span class='ocrx_word' id='word_1_177' title='bbox 910 986 1017 1021; x_wconf 85' lang='lat' dir='ltr'>dubio</span> <span class='ocrx_word' id='word_1_178' title='bbox 1027 987 1143 1022; x_wconf 75' lang='lat' dir='ltr'>divina</span> <span class='ocrx_word' id='word_1_179' title='bbox 1151 989 1372 1023; x_wconf 86' lang='lat' dir='ltr'>ordinatione</span> <span class='ocrx_word' id='word_1_180' title='bbox 1389 990 1431 1024; x_wconf 88' lang='lat' dir='ltr'>ad</span> <span class='ocrx_word' id='word_1_181' title='bbox 1449 992 1655 1028; x_wconf 83' lang='lat' dir='ltr'>erudiendas</span> <span class='ocrx_word' id='word_1_182' title='bbox 1665 1007 1759 1031; x_wconf 83' lang='lat' dir='ltr'>mor-</span> 
     </span>
     <span class='ocr_line' id='line_1_17' title="bbox 43 1033 1759 1089; baseline 0.002 -12"><span class='ocrx_word' id='word_1_183' title='bbox 43 1039 303 1077; x_wconf 83' lang='lat' dir='ltr'>taliummentes</span> <span class='ocrx_word' id='word_1_184' title='bbox 321 1037 366 1071; x_wconf 90' lang='lat' dir='ltr'>de</span> <span class='ocrx_word' id='word_1_185' title='bbox 383 1035 546 1072; x_wconf 78' lang='lat' dir='ltr'>secuturis</span> <span class='ocrx_word' id='word_1_186' title='bbox 562 1035 702 1071; x_wconf 84' lang='lat' dir='ltr'>insolitis</span> <span class='ocrx_word' id='word_1_187' title='bbox 719 1033 850 1070; x_wconf 78' lang='lat' dir='ltr'>iinistrae</span> <span class='ocrx_word' id='word_1_188' title='bbox 867 1044 925 1070; x_wconf 87' lang='lat' dir='ltr'>aut</span> <span class='ocrx_word' id='word_1_189' title='bbox 937 1034 1106 1083; x_wconf 87' lang='lat' dir='ltr'>prosperae</span> <span class='ocrx_word' id='word_1_190' title='bbox 1117 1034 1211 1071; x_wconf 89' lang='lat' dir='ltr'>sortis</span> <span class='ocrx_word' id='word_1_191' title='bbox 1222 1037 1404 1074; x_wconf 88' lang='lat' dir='ltr'>eventibus</span> <span class='ocrx_word' id='word_1_192' title='bbox 1413 1037 1458 1073; x_wconf 85' lang='lat' dir='ltr'>ita</span> <span class='ocrx_word' id='word_1_193' title='bbox 1479 1038 1648 1089; x_wconf 83' lang='lat' dir='ltr'>effigiatos</span> <span class='ocrx_word' id='word_1_194' title='bbox 1661 1043 1759 1080; x_wconf 72' lang='lat' dir='ltr'>fuisse</span> 
     </span>
     <span class='ocr_line' id='line_1_18' title="bbox 42 1084 1349 1140; baseline 0.003 -14"><span class='ocrx_word' id='word_1_195' title='bbox 42 1087 139 1126; x_wconf 84' lang='lat' dir='ltr'>credi</span> <span class='ocrx_word' id='word_1_196' title='bbox 158 1084 279 1135; x_wconf 85' lang='lat' dir='ltr'>potest.</span> <span class='ocrx_word' id='word_1_197' title='bbox 1342 1133 1349 1140; x_wconf 60' lang='grc'><em>,</em></span> 
     </span>
    </p>

    <p class='ocr_par' dir='ltr' id='par_1_4' title="bbox 139 1129 1767 1186">
     <span class='ocr_line' id='line_1_19' title="bbox 139 1129 1767 1186; baseline 0.003 -17"><span class='ocrx_word' id='word_1_198' title='bbox 139 1133 316 1171; x_wconf 84' lang='lat' dir='ltr'>Dubitabis</span> <span class='ocrx_word' id='word_1_199' title='bbox 326 1132 552 1168; x_wconf 86' lang='lat' dir='ltr'>nihilominus</span> <span class='ocrx_word' id='word_1_200' title='bbox 563 1131 597 1168; x_wconf 74' lang='grc' dir='ltr'>ὅ(</span> <span class='ocrx_word' id='word_1_201' title='bbox 607 1143 748 1180; x_wconf 81' lang='lat' dir='ltr'>quaeres,</span> <span class='ocrx_word' id='word_1_202' title='bbox 757 1131 941 1179; x_wconf 89' lang='lat' dir='ltr'>quomodo</span> <span class='ocrx_word' id='word_1_203' title='bbox 949 1140 1053 1179; x_wconf 83' lang='lat' dir='ltr'>caput</span> <span class='ocrx_word' id='word_1_204' title='bbox 1076 1141 1223 1168; x_wconf 84' lang='lat' dir='ltr'>cometae</span> <span class='ocrx_word' id='word_1_205' title='bbox 1241 1129 1468 1170; x_wconf 79' lang='lat' dir='ltr'>constitutum</span> <span class='ocrx_word' id='word_1_206' title='bbox 1479 1134 1538 1175; x_wconf 73' lang='grc' dir='ltr'>6ῑῖ</span> <span class='ocrx_word' id='word_1_207' title='bbox 1557 1135 1654 1186; x_wconf 77' lang='lat' dir='ltr'>Resp,</span> <span class='ocrx_word' id='word_1_208' title='bbox 1674 1139 1711 1176; x_wconf 79' lang='grc' dir='ltr'>ὅ(</span> <span class='ocrx_word' id='word_1_209' title='bbox 1729 1141 1767 1177; x_wconf 85' lang='lat' dir='ltr'>sit</span> 
     </span>
    </p>

    <p class='ocr_par' dir='ltr' id='par_1_5' title="bbox 41 1180 1759 1279">
     <span class='ocr_line' id='line_1_20' title="bbox 138 1180 1759 1232; baseline 0.005 -15"><span class='ocrx_word' id='word_1_210' title='bbox 138 1181 327 1220; x_wconf 77' lang='lat' dir='ltr'>Conclusio</span> <span class='ocrx_word' id='word_1_211' title='bbox 335 1181 460 1229; x_wconf 87' lang='lat' dir='ltr'>prima:</span> <span class='ocrx_word' id='word_1_212' title='bbox 477 1180 593 1227; x_wconf 87' lang='lat' dir='ltr'>Caput</span> <span class='ocrx_word' id='word_1_213' title='bbox 601 1191 747 1215; x_wconf 80' lang='lat' dir='ltr'>cometa:</span> <span class='ocrx_word' id='word_1_214' title='bbox 758 1182 947 1215; x_wconf 78' lang='lat' dir='ltr'>formatum</span> <span class='ocrx_word' id='word_1_215' title='bbox 959 1191 1000 1216; x_wconf 87' lang='lat' dir='ltr'>ex</span> <span class='ocrx_word' id='word_1_216' title='bbox 1010 1181 1154 1217; x_wconf 80' lang='lat' dir='ltr'>materia</span> <span class='ocrx_word' id='word_1_217' title='bbox 1162 1180 1291 1216; x_wconf 82' lang='lat' dir='ltr'>coelesti</span> <span class='ocrx_word' id='word_1_218' title='bbox 1302 1204 1313 1221; x_wconf 83' lang='lat'>‚</span> <span class='ocrx_word' id='word_1_219' title='bbox 1322 1182 1412 1218; x_wconf 76' lang='lat' dir='ltr'>bene</span> <span class='ocrx_word' id='word_1_220' title='bbox 1420 1184 1602 1232; x_wconf 64' lang='lat' dir='ltr'>compacta</span> <span class='ocrx_word' id='word_1_221' title='bbox 1608 1189 1759 1225; x_wconf 84' lang='lat' dir='ltr'>ambitur</span> 
     </span>
     <span class='ocr_line' id='line_1_21' title="bbox 41 1228 1754 1279; baseline 0.003 -11"><span class='ocrx_word' id='word_1_222' title='bbox 41 1231 80 1269; x_wconf 68' lang='grc' dir='ltr'>ὃς</span> <span class='ocrx_word' id='word_1_223' title='bbox 87 1230 281 1279; x_wconf 69' lang='lat' dir='ltr'>cingiturab</span> <span class='ocrx_word' id='word_1_224' title='bbox 289 1229 564 1264; x_wconf 79' lang='lat' dir='ltr'>exhalationibus</span> <span class='ocrx_word' id='word_1_225' title='bbox 573 1228 626 1264; x_wconf 90' lang='lat' dir='ltr'>vel</span> <span class='ocrx_word' id='word_1_226' title='bbox 634 1229 785 1276; x_wconf 84' lang='lat' dir='ltr'>partibus</span> <span class='ocrx_word' id='word_1_227' title='bbox 795 1229 952 1263; x_wconf 85' lang='lat' dir='ltr'>aethereis</span> <span class='ocrx_word' id='word_1_228' title='bbox 963 1229 1079 1263; x_wconf 83' lang='lat' dir='ltr'>minus</span> <span class='ocrx_word' id='word_1_229' title='bbox 1088 1229 1197 1264; x_wconf 81' lang='lat' dir='ltr'>denfis</span> <span class='ocrx_word' id='word_1_230' title='bbox 1216 1229 1251 1264; x_wconf 73' lang='grc' dir='ltr'>ὅ(</span> <span class='ocrx_word' id='word_1_231' title='bbox 1266 1231 1393 1278; x_wconf 83' lang='lat' dir='ltr'>opacis.</span> <span class='ocrx_word' id='word_1_232' title='bbox 1446 1232 1572 1268; x_wconf 82' lang='lat' dir='ltr'>Rursus</span> <span class='ocrx_word' id='word_1_233' title='bbox 1581 1233 1662 1272; x_wconf 79' lang='lat' dir='ltr'>licet</span> <span class='ocrx_word' id='word_1_234' title='bbox 1669 1237 1707 1272; x_wconf 81' lang='lat' dir='ltr'>sit</span> <span class='ocrx_word' id='word_1_235' title='bbox 1714 1249 1754 1272; x_wconf 80' lang='lat' dir='ltr'>o-</span> 
     </span>
    </p>

    <p class='ocr_par' dir='ltr' id='par_1_6' title="bbox 66 1270 1755 1328">
     <span class='ocr_line' id='line_1_22' title="bbox 66 1270 1755 1328; baseline 0.004 -13"><span class='ocrx_word' id='word_1_236' title='bbox 66 1270 167 1316; x_wconf 78' lang='lat' dir='ltr'>acum</span> <span class='ocrx_word' id='word_1_237' title='bbox 175 1290 216 1315; x_wconf 90' lang='lat' dir='ltr'>ac</span> <span class='ocrx_word' id='word_1_238' title='bbox 224 1278 338 1314; x_wconf 90' lang='lat' dir='ltr'>lucem</span> <span class='ocrx_word' id='word_1_239' title='bbox 347 1276 516 1317; x_wconf 71' lang='lat' dir='ltr'>reflestat‚</span> <span class='ocrx_word' id='word_1_240' title='bbox 526 1278 630 1312; x_wconf 82' lang='lat' dir='ltr'>habet</span> <span class='ocrx_word' id='word_1_241' title='bbox 639 1288 755 1312; x_wconf 83' lang='lat' dir='ltr'>tamen</span> <span class='ocrx_word' id='word_1_242' title='bbox 764 1278 866 1312; x_wconf 86' lang='lat' dir='ltr'>etiam</span> <span class='ocrx_word' id='word_1_243' title='bbox 874 1276 1021 1324; x_wconf 83' lang='lat' dir='ltr'>aliquam</span> <span class='ocrx_word' id='word_1_244' title='bbox 1032 1277 1334 1325; x_wconf 74' lang='lat' dir='ltr'>diaphaneitatem,</span> <span class='ocrx_word' id='word_1_245' title='bbox 1342 1290 1409 1326; x_wconf 90' lang='lat' dir='ltr'>qua</span> <span class='ocrx_word' id='word_1_246' title='bbox 1417 1279 1531 1316; x_wconf 85' lang='lat' dir='ltr'>lucem</span> <span class='ocrx_word' id='word_1_247' title='bbox 1542 1285 1755 1328; x_wconf 82' lang='lat' dir='ltr'>transmittit,</span> 
     </span>
    </p>

    <p class='ocr_par' dir='ltr' id='par_1_7' title="bbox 40 1325 1754 1666">
     <span class='ocr_line' id='line_1_23' title="bbox 65 1325 1754 1373; baseline 0.001 -9"><span class='ocrx_word' id='word_1_248' title='bbox 65 1339 108 1365; x_wconf 84' lang='lat' dir='ltr'>ve</span> <span class='ocrx_word' id='word_1_249' title='bbox 116 1327 248 1364; x_wconf 86' lang='lat' dir='ltr'>constat</span> <span class='ocrx_word' id='word_1_250' title='bbox 256 1327 425 1366; x_wconf 80' lang='lat' dir='ltr'>tenuiori,</span> <span class='ocrx_word' id='word_1_251' title='bbox 435 1326 470 1362; x_wconf 73' lang='lat' dir='ltr'>&lt;St</span> <span class='ocrx_word' id='word_1_252' title='bbox 479 1325 630 1361; x_wconf 83' lang='lat' dir='ltr'>dilutiori</span> <span class='ocrx_word' id='word_1_253' title='bbox 640 1326 780 1360; x_wconf 72' lang='lat' dir='ltr'>materia</span> <span class='ocrx_word' id='word_1_254' title='bbox 789 1325 953 1373; x_wconf 71' lang='lat' dir='ltr'>porisque</span> <span class='ocrx_word' id='word_1_255' title='bbox 961 1326 1122 1365; x_wconf 80' lang='lat' dir='ltr'>intersita,</span> <span class='ocrx_word' id='word_1_256' title='bbox 1133 1335 1171 1360; x_wconf 90' lang='lat' dir='ltr'>ut</span> <span class='ocrx_word' id='word_1_257' title='bbox 1178 1326 1278 1360; x_wconf 85' lang='lat' dir='ltr'>radiis</span> <span class='ocrx_word' id='word_1_258' title='bbox 1288 1326 1447 1363; x_wconf 87' lang='lat' dir='ltr'>solaribus</span> <span class='ocrx_word' id='word_1_259' title='bbox 1456 1329 1549 1365; x_wconf 87' lang='lat' dir='ltr'>haud</span> <span class='ocrx_word' id='word_1_260' title='bbox 1566 1331 1754 1370; x_wconf 80' lang='lat' dir='ltr'>difficulter</span> 
     </span>
     <span class='ocr_line' id='line_1_24' title="bbox 40 1371 1753 1422; baseline 0.002 -10"><span class='ocrx_word' id='word_1_261' title='bbox 40 1375 220 1414; x_wconf 62' lang='lat' dir='ltr'>transitum</span> <span class='ocrx_word' id='word_1_262' title='bbox 237 1375 435 1411; x_wconf 86' lang='lat' dir='ltr'>concedere</span> <span class='ocrx_word' id='word_1_263' title='bbox 443 1371 557 1422; x_wconf 84' lang='lat' dir='ltr'>poffit.</span> <span class='ocrx_word' id='word_1_264' title='bbox 608 1374 694 1408; x_wconf 90' lang='lat' dir='ltr'>Non</span> <span class='ocrx_word' id='word_1_265' title='bbox 707 1373 752 1408; x_wconf 89' lang='lat' dir='ltr'>est</span> <span class='ocrx_word' id='word_1_266' title='bbox 761 1373 962 1413; x_wconf 73' lang='lat' dir='ltr'>accensum,</span> <span class='ocrx_word' id='word_1_267' title='bbox 979 1374 1033 1408; x_wconf 84' lang='lat' dir='ltr'>sed</span> <span class='ocrx_word' id='word_1_268' title='bbox 1043 1375 1208 1409; x_wconf 81' lang='lat' dir='ltr'>duntaxat</span> <span class='ocrx_word' id='word_1_269' title='bbox 1221 1375 1239 1409; x_wconf 68' lang='lat' dir='ltr'>a</span> <span class='ocrx_word' id='word_1_270' title='bbox 1254 1374 1334 1410; x_wconf 88' lang='lat' dir='ltr'>Sole</span> <span class='ocrx_word' id='word_1_271' title='bbox 1349 1375 1592 1415; x_wconf 88' lang='lat' dir='ltr'>illuminatum.</span> <span class='ocrx_word' id='word_1_272' title='bbox 1650 1382 1753 1419; x_wconf 85' lang='lat' dir='ltr'>Ratio</span> 
     </span>
     <span class='ocr_line' id='line_1_25' title="bbox 43 1421 1753 1476; baseline 0.007 -21"><span class='ocrx_word' id='word_1_273' title='bbox 43 1423 153 1461; x_wconf 73' lang='lat' dir='ltr'>asserti</span> <span class='ocrx_word' id='word_1_274' title='bbox 163 1423 292 1463; x_wconf 84' lang='lat' dir='ltr'>ultimi,</span> <span class='ocrx_word' id='word_1_275' title='bbox 308 1424 431 1470; x_wconf 86' lang='lat' dir='ltr'>dequo</span> <span class='ocrx_word' id='word_1_276' title='bbox 440 1422 589 1457; x_wconf 77' lang='lat' dir='ltr'>maxime</span> <span class='ocrx_word' id='word_1_277' title='bbox 604 1422 836 1457; x_wconf 82' lang='lat' dir='ltr'>controverlia</span> <span class='ocrx_word' id='word_1_278' title='bbox 852 1421 917 1461; x_wconf 76' lang='lat' dir='ltr'>est,</span> <span class='ocrx_word' id='word_1_279' title='bbox 933 1432 976 1456; x_wconf 85' lang='lat' dir='ltr'>cx</span> <span class='ocrx_word' id='word_1_280' title='bbox 987 1433 1031 1457; x_wconf 88' lang='lat' dir='ltr'>co</span> <span class='ocrx_word' id='word_1_281' title='bbox 1048 1422 1251 1457; x_wconf 82' lang='lat' dir='ltr'>desumitur:</span> <span class='ocrx_word' id='word_1_282' title='bbox 1266 1424 1345 1470; x_wconf 87' lang='lat' dir='ltr'>quia</span> <span class='ocrx_word' id='word_1_283' title='bbox 1361 1423 1382 1459; x_wconf 80' lang='lat' dir='ltr'>si</span> <span class='ocrx_word' id='word_1_284' title='bbox 1397 1435 1536 1462; x_wconf 88' lang='lat' dir='ltr'>cometa</span> <span class='ocrx_word' id='word_1_285' title='bbox 1551 1428 1639 1476; x_wconf 88' lang='lat' dir='ltr'>ignis</span> <span class='ocrx_word' id='word_1_286' title='bbox 1654 1428 1753 1474; x_wconf 80' lang='lat' dir='ltr'>esset,</span> 
     </span>
     <span class='ocr_line' id='line_1_26' title="bbox 41 1469 1754 1525; baseline 0.003 -15"><span class='ocrx_word' id='word_1_287' title='bbox 41 1483 161 1510; x_wconf 88' lang='lat' dir='ltr'>motus</span> <span class='ocrx_word' id='word_1_288' title='bbox 179 1469 252 1519; x_wconf 88' lang='lat' dir='ltr'>ejus</span> <span class='ocrx_word' id='word_1_289' title='bbox 260 1482 477 1518; x_wconf 76' lang='lat' dir='ltr'>nequaquam</span> <span class='ocrx_word' id='word_1_290' title='bbox 488 1469 553 1505; x_wconf 74' lang='lat' dir='ltr'>ess&#39;e</span> <span class='ocrx_word' id='word_1_291' title='bbox 560 1469 670 1517; x_wconf 69' lang='lat' dir='ltr'>posset</span> <span class='ocrx_word' id='word_1_292' title='bbox 679 1469 766 1505; x_wconf 80' lang='lat' dir='ltr'>adeo</span> <span class='ocrx_word' id='word_1_293' title='bbox 776 1469 949 1518; x_wconf 83' lang='lat' dir='ltr'>regularis,</span> <span class='ocrx_word' id='word_1_294' title='bbox 957 1469 993 1506; x_wconf 71' lang='grc' dir='ltr'>ὃ(</span> <span class='ocrx_word' id='word_1_295' title='bbox 1001 1470 1161 1506; x_wconf 89' lang='lat' dir='ltr'>constans</span> <span class='ocrx_word' id='word_1_296' title='bbox 1175 1493 1186 1510; x_wconf 86' lang='lat'><em>‚</em></span> <span class='ocrx_word' id='word_1_297' title='bbox 1202 1483 1292 1518; x_wconf 88' lang='lat' dir='ltr'>nequ</span> <span class='ocrx_word' id='word_1_298' title='bbox 1299 1483 1317 1506; x_wconf 89' lang='lat' dir='ltr'>e</span> <span class='ocrx_word' id='word_1_299' title='bbox 1324 1482 1427 1520; x_wconf 86' lang='lat' dir='ltr'>caput</span> <span class='ocrx_word' id='word_1_300' title='bbox 1433 1474 1553 1515; x_wconf 84' lang='lat' dir='ltr'>ferret,</span> <span class='ocrx_word' id='word_1_301' title='bbox 1569 1488 1685 1525; x_wconf 87' lang='lat' dir='ltr'>neque</span> <span class='ocrx_word' id='word_1_302' title='bbox 1693 1491 1754 1515; x_wconf 88' lang='lat' dir='ltr'>co-</span> 
     </span>
     <span class='ocr_line' id='line_1_27' title="bbox 41 1516 1752 1569; baseline 0.001 -13"><span class='ocrx_word' id='word_1_303' title='bbox 41 1531 136 1558; x_wconf 86' lang='lat' dir='ltr'>mam</span> <span class='ocrx_word' id='word_1_304' title='bbox 145 1517 347 1568; x_wconf 84' lang='lat' dir='ltr'>projiceret‚</span> <span class='ocrx_word' id='word_1_305' title='bbox 356 1529 479 1566; x_wconf 89' lang='lat' dir='ltr'>utpote</span> <span class='ocrx_word' id='word_1_306' title='bbox 486 1519 617 1554; x_wconf 79' lang='lat' dir='ltr'>temere</span> <span class='ocrx_word' id='word_1_307' title='bbox 626 1516 804 1565; x_wconf 77' lang='lat' dir='ltr'>propullus</span> <span class='ocrx_word' id='word_1_308' title='bbox 816 1517 973 1553; x_wconf 88' lang='lat' dir='ltr'>violento</span> <span class='ocrx_word' id='word_1_309' title='bbox 983 1517 1127 1553; x_wconf 61' lang='lat' dir='ltr'>aetionis</span> <span class='ocrx_word' id='word_1_310' title='bbox 1137 1519 1245 1567; x_wconf 76' lang='lat' dir='ltr'>igneae</span> <span class='ocrx_word' id='word_1_311' title='bbox 1253 1520 1396 1566; x_wconf 85' lang='lat' dir='ltr'>impetu,</span> <span class='ocrx_word' id='word_1_312' title='bbox 1406 1533 1521 1569; x_wconf 88' lang='lat' dir='ltr'>neque</span> <span class='ocrx_word' id='word_1_313' title='bbox 1529 1525 1652 1561; x_wconf 85' lang='lat' dir='ltr'>durare</span> <span class='ocrx_word' id='word_1_314' title='bbox 1664 1536 1752 1562; x_wconf 77' lang='lat' dir='ltr'>tam..</span> 
     </span>
     <span class='ocr_line' id='line_1_28' title="bbox 42 1565 1754 1618; baseline 0.004 -13"><span class='ocrx_word' id='word_1_315' title='bbox 42 1570 104 1606; x_wconf 86' lang='lat' dir='ltr'>diu</span> <span class='ocrx_word' id='word_1_316' title='bbox 111 1567 231 1618; x_wconf 84' lang='lat' dir='ltr'>poffet.</span> <span class='ocrx_word' id='word_1_317' title='bbox 282 1568 420 1603; x_wconf 85' lang='lat' dir='ltr'>Deinde</span> <span class='ocrx_word' id='word_1_318' title='bbox 428 1567 513 1615; x_wconf 81' lang='lat' dir='ltr'>ignis</span> <span class='ocrx_word' id='word_1_319' title='bbox 522 1565 850 1614; x_wconf 87' lang='lat' dir='ltr'>perpendiculariter</span> <span class='ocrx_word' id='word_1_320' title='bbox 857 1565 983 1601; x_wconf 76' lang='lat' dir='ltr'>sursum</span> <span class='ocrx_word' id='word_1_321' title='bbox 992 1567 1119 1606; x_wconf 76' lang='lat' dir='ltr'>tendit,</span> <span class='ocrx_word' id='word_1_322' title='bbox 1129 1576 1276 1602; x_wconf 82' lang='lat' dir='ltr'>cometae</span> <span class='ocrx_word' id='word_1_323' title='bbox 1284 1569 1367 1602; x_wconf 82' lang='lat' dir='ltr'>vero</span> <span class='ocrx_word' id='word_1_324' title='bbox 1392 1572 1502 1606; x_wconf 86' lang='lat' dir='ltr'>cauda</span> <span class='ocrx_word' id='word_1_325' title='bbox 1517 1572 1679 1610; x_wconf 88' lang='lat' dir='ltr'>deorsum</span> <span class='ocrx_word' id='word_1_326' title='bbox 1693 1575 1754 1612; x_wconf 54' lang='lat' dir='ltr'>alis·</span> 
     </span>
     <span class='ocr_line' id='line_1_29' title="bbox 42 1613 1542 1666; baseline 0 -12"><span class='ocrx_word' id='word_1_327' title='bbox 42 1618 197 1666; x_wconf 76' lang='lat' dir='ltr'>quando,</span> <span class='ocrx_word' id='word_1_328' title='bbox 206 1616 244 1651; x_wconf 85' lang='lat' dir='ltr'>sae</span> <span class='ocrx_word' id='word_1_329' title='bbox 270 1615 289 1650; x_wconf 80' lang='grc' dir='ltr'><strong>ὲ</strong></span> <span class='ocrx_word' id='word_1_330' title='bbox 297 1615 438 1662; x_wconf 87' lang='lat' dir='ltr'>oblique</span> <span class='ocrx_word' id='word_1_331' title='bbox 445 1637 454 1654; x_wconf 85' lang='lat'>‚</span> <span class='ocrx_word' id='word_1_332' title='bbox 463 1615 499 1651; x_wconf 73' lang='grc' dir='ltr'>ὅ(</span> <span class='ocrx_word' id='word_1_333' title='bbox 507 1614 641 1662; x_wconf 86' lang='lat' dir='ltr'>semper</span> <span class='ocrx_word' id='word_1_334' title='bbox 648 1613 738 1650; x_wconf 56' lang='lat' dir='ltr'>reeta</span> <span class='ocrx_word' id='word_1_335' title='bbox 746 1625 789 1649; x_wconf 86' lang='lat' dir='ltr'>ex</span> <span class='ocrx_word' id='word_1_336' title='bbox 796 1613 936 1650; x_wconf 84' lang='lat' dir='ltr'>adverso</span> <span class='ocrx_word' id='word_1_337' title='bbox 945 1614 1033 1649; x_wconf 88' lang='lat' dir='ltr'>Solis</span> <span class='ocrx_word' id='word_1_338' title='bbox 1043 1615 1238 1662; x_wconf 78' lang='lat' dir='ltr'>porrigitur.</span> <span class='ocrx_word' id='word_1_339' title='bbox 1290 1616 1385 1652; x_wconf 90' lang='lat' dir='ltr'>Hinc</span> <span class='ocrx_word' id='word_1_340' title='bbox 1393 1617 1542 1665; x_wconf 79' lang='lat' dir='ltr'>[equitur</span> 
     </span>
    </p>

    <p class='ocr_par' dir='ltr' id='par_1_8' title="bbox 42 1661 1757 1815">
     <span class='ocr_line' id='line_1_30' title="bbox 140 1661 1752 1719; baseline 0.003 -20"><span class='ocrx_word' id='word_1_341' title='bbox 140 1665 245 1702; x_wconf 89' lang='lat' dir='ltr'>Cone</span> <span class='ocrx_word' id='word_1_342' title='bbox 260 1663 330 1700; x_wconf 82' lang='lat' dir='ltr'>ufio</span> <span class='ocrx_word' id='word_1_343' title='bbox 339 1664 504 1699; x_wconf 82' lang='lat' dir='ltr'>secunda:</span> <span class='ocrx_word' id='word_1_344' title='bbox 531 1663 652 1699; x_wconf 89' lang='lat' dir='ltr'>Cauda</span> <span class='ocrx_word' id='word_1_345' title='bbox 662 1672 809 1698; x_wconf 84' lang='lat' dir='ltr'>cometae</span> <span class='ocrx_word' id='word_1_346' title='bbox 818 1661 1102 1698; x_wconf 86' lang='lat' dir='ltr'>estrarioradhuc</span> <span class='ocrx_word' id='word_1_347' title='bbox 1111 1664 1269 1704; x_wconf 68' lang='lat' dir='ltr'>materia,</span> <span class='ocrx_word' id='word_1_348' title='bbox 1285 1665 1388 1711; x_wconf 75' lang='lat' dir='ltr'>quam</span> <span class='ocrx_word' id='word_1_349' title='bbox 1397 1665 1468 1707; x_wconf 84' lang='lat' dir='ltr'>illa,</span> <span class='ocrx_word' id='word_1_350' title='bbox 1479 1670 1574 1705; x_wconf 89' lang='lat' dir='ltr'>unde</span> <span class='ocrx_word' id='word_1_351' title='bbox 1581 1677 1752 1719; x_wconf 66' lang='lat' dir='ltr'>caputco³</span> 
     </span>
     <span class='ocr_line' id='line_1_31' title="bbox 42 1709 1755 1768; baseline 0.005 -18"><span class='ocrx_word' id='word_1_352' title='bbox 42 1723 146 1750; x_wconf 81' lang='lat' dir='ltr'>metae</span> <span class='ocrx_word' id='word_1_353' title='bbox 155 1711 304 1752; x_wconf 84' lang='lat' dir='ltr'>constat,</span> <span class='ocrx_word' id='word_1_354' title='bbox 321 1711 376 1747; x_wconf 90' lang='lat' dir='ltr'>sed</span> <span class='ocrx_word' id='word_1_355' title='bbox 392 1709 546 1758; x_wconf 83' lang='lat' dir='ltr'>ejusdem</span> <span class='ocrx_word' id='word_1_356' title='bbox 564 1721 680 1746; x_wconf 86' lang='lat' dir='ltr'>tamen</span> <span class='ocrx_word' id='word_1_357' title='bbox 690 1711 843 1746; x_wconf 89' lang='lat' dir='ltr'>rationis.</span> <span class='ocrx_word' id='word_1_358' title='bbox 893 1711 980 1746; x_wconf 89' lang='lat' dir='ltr'>Non</span> <span class='ocrx_word' id='word_1_359' title='bbox 992 1713 1073 1747; x_wconf 83' lang='lat' dir='ltr'>vero</span> <span class='ocrx_word' id='word_1_360' title='bbox 1083 1711 1131 1747; x_wconf 88' lang='lat' dir='ltr'>cst</span> <span class='ocrx_word' id='word_1_361' title='bbox 1139 1713 1180 1748; x_wconf 86' lang='lat' dir='ltr'>ab</span> <span class='ocrx_word' id='word_1_362' title='bbox 1199 1712 1384 1749; x_wconf 83' lang='lat' dir='ltr'>intrinseco</span> <span class='ocrx_word' id='word_1_363' title='bbox 1401 1718 1542 1752; x_wconf 83' lang='lat' dir='ltr'>accensa</span> <span class='ocrx_word' id='word_1_364' title='bbox 1557 1718 1593 1755; x_wconf 74' lang='grc' dir='ltr'>ὃς</span> <span class='ocrx_word' id='word_1_365' title='bbox 1609 1720 1755 1768; x_wconf 65' lang='lat' dir='ltr'>lplendi⁴</span> 
     </span>
     <span class='ocr_line' id='line_1_32' title="bbox 46 1759 1757 1815; baseline 0.005 -19"><span class='ocrx_word' id='word_1_366' title='bbox 46 1764 100 1802; x_wconf 84' lang='lat' dir='ltr'>da,</span> <span class='ocrx_word' id='word_1_367' title='bbox 112 1762 167 1796; x_wconf 83' lang='lat' dir='ltr'>led</span> <span class='ocrx_word' id='word_1_368' title='bbox 180 1772 287 1808; x_wconf 85' lang='lat' dir='ltr'>opaca</span> <span class='ocrx_word' id='word_1_369' title='bbox 295 1759 528 1796; x_wconf 81' lang='lat' dir='ltr'>&amp;illuminata</span> <span class='ocrx_word' id='word_1_370' title='bbox 535 1761 552 1794; x_wconf 77' lang='lat' dir='ltr'>a</span> <span class='ocrx_word' id='word_1_371' title='bbox 561 1759 796 1795; x_wconf 87' lang='lat' dir='ltr'>solarilumine</span> <span class='ocrx_word' id='word_1_372' title='bbox 807 1770 867 1807; x_wconf 89' lang='lat' dir='ltr'>per</span> <span class='ocrx_word' id='word_1_373' title='bbox 877 1769 980 1807; x_wconf 88' lang='lat' dir='ltr'>caput</span> <span class='ocrx_word' id='word_1_374' title='bbox 988 1770 1135 1795; x_wconf 82' lang='lat' dir='ltr'>cometae</span> <span class='ocrx_word' id='word_1_375' title='bbox 1142 1761 1347 1801; x_wconf 67' lang='lat' dir='ltr'>transmisso.</span> <span class='ocrx_word' id='word_1_376' title='bbox 1398 1763 1498 1800; x_wconf 82' lang='lat' dir='ltr'>Ratio</span> <span class='ocrx_word' id='word_1_377' title='bbox 1507 1766 1565 1806; x_wconf 76' lang='lat' dir='ltr'>est,</span> <span class='ocrx_word' id='word_1_378' title='bbox 1574 1770 1662 1815; x_wconf 88' lang='lat' dir='ltr'>quia,</span> <span class='ocrx_word' id='word_1_379' title='bbox 1673 1769 1757 1807; x_wconf 80' lang='lat' dir='ltr'>sicut</span> 
     </span>
    </p>

    <p class='ocr_par' dir='ltr' id='par_1_9' title="bbox 43 1807 1760 2337">
     <span class='ocr_line' id='line_1_33' title="bbox 70 1807 1756 1859; baseline 0.004 -15"><span class='ocrx_word' id='word_1_380' title='bbox 70 1808 468 1857; x_wconf 76' lang='lat' dir='ltr'>etquodlibeti&#39;oramen,</span> <span class='ocrx_word' id='word_1_381' title='bbox 477 1807 742 1855; x_wconf 86' lang='lat' dir='ltr'>autparticulam</span> <span class='ocrx_word' id='word_1_382' title='bbox 755 1808 899 1842; x_wconf 86' lang='lat' dir='ltr'>vitream</span> <span class='ocrx_word' id='word_1_383' title='bbox 915 1819 1108 1843; x_wconf 82' lang='lat' dir='ltr'>convexam</span> <span class='ocrx_word' id='word_1_384' title='bbox 1123 1809 1183 1844; x_wconf 89' lang='lat' dir='ltr'>Sol</span> <span class='ocrx_word' id='word_1_385' title='bbox 1198 1809 1328 1844; x_wconf 86' lang='lat' dir='ltr'>radiosa</span> <span class='ocrx_word' id='word_1_386' title='bbox 1341 1813 1520 1859; x_wconf 77' lang='lat' dir='ltr'>pyramide</span> <span class='ocrx_word' id='word_1_387' title='bbox 1535 1815 1570 1850; x_wconf 85' lang='lat' dir='ltr'>in</span> <span class='ocrx_word' id='word_1_388' title='bbox 1585 1818 1756 1854; x_wconf 87' lang='lat' dir='ltr'>conclave</span> 
     </span>
     <span class='ocr_line' id='line_1_34' title="bbox 46 1855 1759 1908; baseline 0.006 -15"><span class='ocrx_word' id='word_1_389' title='bbox 46 1857 184 1901; x_wconf 76' lang='lat' dir='ltr'>illucet3</span> <span class='ocrx_word' id='word_1_390' title='bbox 209 1865 268 1891; x_wconf 91' lang='lat' dir='ltr'>aut</span> <span class='ocrx_word' id='word_1_391' title='bbox 275 1867 335 1904; x_wconf 89' lang='lat' dir='ltr'>per</span> <span class='ocrx_word' id='word_1_392' title='bbox 342 1857 449 1891; x_wconf 84' lang='lat' dir='ltr'>varias</span> <span class='ocrx_word' id='word_1_393' title='bbox 458 1855 541 1903; x_wconf 70' lang='lat' dir='ltr'>liepe</span> <span class='ocrx_word' id='word_1_394' title='bbox 550 1857 659 1891; x_wconf 89' lang='lat' dir='ltr'>nubes</span> <span class='ocrx_word' id='word_1_395' title='bbox 673 1855 862 1891; x_wconf 90' lang='lat' dir='ltr'>luminosus</span> <span class='ocrx_word' id='word_1_396' title='bbox 878 1855 1003 1892; x_wconf 74' lang='lat' dir='ltr'>traEtus</span> <span class='ocrx_word' id='word_1_397' title='bbox 1013 1856 1138 1892; x_wconf 82' lang='lat' dir='ltr'>sursum</span> <span class='ocrx_word' id='word_1_398' title='bbox 1147 1880 1158 1899; x_wconf 85' lang='lat'>,</span> <span class='ocrx_word' id='word_1_399' title='bbox 1172 1858 1379 1895; x_wconf 73' lang='lat' dir='ltr'>deorsumve</span> <span class='ocrx_word' id='word_1_400' title='bbox 1392 1859 1590 1908; x_wconf 82' lang='lat' dir='ltr'>projicitur,</span> <span class='ocrx_word' id='word_1_401' title='bbox 1603 1865 1685 1901; x_wconf 78' lang='lat' dir='ltr'>cum</span> <span class='ocrx_word' id='word_1_402' title='bbox 1703 1867 1759 1904; x_wconf 91' lang='lat' dir='ltr'>vel</span> 
     </span>
     <span class='ocr_line' id='line_1_35' title="bbox 46 1903 1760 1963; baseline 0.002 -22"><span class='ocrx_word' id='word_1_403' title='bbox 46 1905 148 1954; x_wconf 87' lang='lat' dir='ltr'>ignea</span> <span class='ocrx_word' id='word_1_404' title='bbox 155 1904 249 1940; x_wconf 88' lang='lat' dir='ltr'>coelo</span> <span class='ocrx_word' id='word_1_405' title='bbox 257 1903 324 1940; x_wconf 88' lang='lat' dir='ltr'>tela</span> <span class='ocrx_word' id='word_1_406' title='bbox 331 1904 439 1943; x_wconf 85' lang='lat' dir='ltr'>mitti,</span> <span class='ocrx_word' id='word_1_407' title='bbox 448 1903 502 1938; x_wconf 90' lang='lat' dir='ltr'>vel</span> <span class='ocrx_word' id='word_1_408' title='bbox 510 1903 666 1939; x_wconf 86' lang='lat' dir='ltr'>coelestes</span> <span class='ocrx_word' id='word_1_409' title='bbox 674 1903 784 1952; x_wconf 84' lang='lat' dir='ltr'>virgas</span> <span class='ocrx_word' id='word_1_410' title='bbox 791 1904 912 1939; x_wconf 87' lang='lat' dir='ltr'>vibrari</span> <span class='ocrx_word' id='word_1_411' title='bbox 920 1905 1067 1940; x_wconf 83' lang='lat' dir='ltr'>dicimus</span> <span class='ocrx_word' id='word_1_412' title='bbox 1075 1918 1086 1950; x_wconf 83' lang='lat'><em>3</em></span> <span class='ocrx_word' id='word_1_413' title='bbox 1110 1907 1238 1941; x_wconf 91' lang='lat' dir='ltr'>eodem</span> <span class='ocrx_word' id='word_1_414' title='bbox 1247 1908 1357 1942; x_wconf 85' lang='lat' dir='ltr'>modo</span> <span class='ocrx_word' id='word_1_415' title='bbox 1380 1917 1596 1958; x_wconf 83' lang='lat' dir='ltr'>transparens</span> <span class='ocrx_word' id='word_1_416' title='bbox 1612 1913 1678 1949; x_wconf 78' lang='lat' dir='ltr'>esse</span> <span class='ocrx_word' id='word_1_417' title='bbox 1695 1927 1760 1963; x_wconf 87' lang='lat' dir='ltr'>po-</span> 
     </span>
     <span class='ocr_line' id='line_1_36' title="bbox 44 1951 1757 2006; baseline 0.006 -17"><span class='ocrx_word' id='word_1_418' title='bbox 44 1953 110 1989; x_wconf 89' lang='lat' dir='ltr'>test</span> <span class='ocrx_word' id='word_1_419' title='bbox 118 1962 264 1989; x_wconf 83' lang='lat' dir='ltr'>cometae</span> <span class='ocrx_word' id='word_1_420' title='bbox 272 1963 412 2000; x_wconf 83' lang='lat' dir='ltr'>corpus,</span> <span class='ocrx_word' id='word_1_421' title='bbox 422 1952 457 1988; x_wconf 72' lang='grc' dir='ltr'>ὅ(</span> <span class='ocrx_word' id='word_1_422' title='bbox 466 1952 546 1987; x_wconf 85' lang='lat' dir='ltr'>ideo</span> <span class='ocrx_word' id='word_1_423' title='bbox 556 1952 640 1987; x_wconf 90' lang='lat' dir='ltr'>radii</span> <span class='ocrx_word' id='word_1_424' title='bbox 649 1951 770 1987; x_wconf 85' lang='lat' dir='ltr'>solares</span> <span class='ocrx_word' id='word_1_425' title='bbox 778 1963 839 1999; x_wconf 88' lang='lat' dir='ltr'>per</span> <span class='ocrx_word' id='word_1_426' title='bbox 853 1951 937 1987; x_wconf 90' lang='lat' dir='ltr'>illud</span> <span class='ocrx_word' id='word_1_427' title='bbox 947 1953 1132 1992; x_wconf 83' lang='lat' dir='ltr'>vibrantur.</span> <span class='ocrx_word' id='word_1_428' title='bbox 1182 1955 1238 1990; x_wconf 86' lang='lat' dir='ltr'>Sic</span> <span class='ocrx_word' id='word_1_429' title='bbox 1252 1956 1355 1990; x_wconf 89' lang='lat' dir='ltr'>etiam</span> <span class='ocrx_word' id='word_1_430' title='bbox 1371 1958 1580 2006; x_wconf 87' lang='lat' dir='ltr'>conspicitur</span> <span class='ocrx_word' id='word_1_431' title='bbox 1599 1962 1636 1997; x_wconf 92' lang='lat' dir='ltr'>in</span> <span class='ocrx_word' id='word_1_432' title='bbox 1645 1963 1757 2000; x_wconf 87' lang='lat' dir='ltr'>vitreo</span> 
     </span>
     <span class='ocr_line' id='line_1_37' title="bbox 43 1999 1757 2054; baseline 0.006 -18"><span class='ocrx_word' id='word_1_433' title='bbox 43 2001 154 2052; x_wconf 81' lang='lat' dir='ltr'>globo</span> <span class='ocrx_word' id='word_1_434' title='bbox 164 2001 283 2039; x_wconf 88' lang='lat' dir='ltr'>solido,</span> <span class='ocrx_word' id='word_1_435' title='bbox 291 2011 350 2035; x_wconf 89' lang='lat' dir='ltr'>aut</span> <span class='ocrx_word' id='word_1_436' title='bbox 358 2001 444 2043; x_wconf 57' lang='lat' dir='ltr'>aqua</span> <span class='ocrx_word' id='word_1_437' title='bbox 453 1999 558 2048; x_wconf 92' lang='lat' dir='ltr'>pleno</span> <span class='ocrx_word' id='word_1_438' title='bbox 572 2022 582 2040; x_wconf 85' lang='lat'><strong>‚</strong></span> <span class='ocrx_word' id='word_1_439' title='bbox 606 2000 652 2035; x_wconf 91' lang='lat' dir='ltr'>ita</span> <span class='ocrx_word' id='word_1_440' title='bbox 661 2011 721 2048; x_wconf 92' lang='lat' dir='ltr'>per</span> <span class='ocrx_word' id='word_1_441' title='bbox 736 1999 918 2049; x_wconf 88' lang='lat' dir='ltr'>angustum</span> <span class='ocrx_word' id='word_1_442' title='bbox 933 2001 1091 2037; x_wconf 85' lang='lat' dir='ltr'>foramen</span> <span class='ocrx_word' id='word_1_443' title='bbox 1106 2002 1141 2038; x_wconf 92' lang='lat' dir='ltr'>in</span> <span class='ocrx_word' id='word_1_444' title='bbox 1156 2003 1339 2038; x_wconf 86' lang='lat' dir='ltr'>obscurum</span> <span class='ocrx_word' id='word_1_445' title='bbox 1355 2006 1556 2043; x_wconf 90' lang='lat' dir='ltr'>cubiculum</span> <span class='ocrx_word' id='word_1_446' title='bbox 1571 2009 1731 2048; x_wconf 82' lang='lat' dir='ltr'>illabente</span> <span class='ocrx_word' id='word_1_447' title='bbox 1745 2034 1757 2054; x_wconf 83' lang='lat'><strong>,</strong></span> 
     </span>
     <span class='ocr_line' id='line_1_38' title="bbox 45 2048 1759 2100; baseline 0.008 -17"><span class='ocrx_word' id='word_1_448' title='bbox 45 2060 86 2085; x_wconf 88' lang='lat' dir='ltr'>ut</span> <span class='ocrx_word' id='word_1_449' title='bbox 99 2061 175 2099; x_wconf 84' lang='lat' dir='ltr'>pars</span> <span class='ocrx_word' id='word_1_450' title='bbox 191 2049 366 2084; x_wconf 89' lang='lat' dir='ltr'>radiorum</span> <span class='ocrx_word' id='word_1_451' title='bbox 380 2049 415 2083; x_wconf 88' lang='lat' dir='ltr'>in</span> <span class='ocrx_word' id='word_1_452' title='bbox 431 2048 596 2096; x_wconf 83' lang='lat' dir='ltr'>parietem</span> <span class='ocrx_word' id='word_1_453' title='bbox 609 2048 725 2083; x_wconf 87' lang='lat' dir='ltr'>album</span> <span class='ocrx_word' id='word_1_454' title='bbox 742 2049 889 2090; x_wconf 88' lang='lat' dir='ltr'>incidat,</span> <span class='ocrx_word' id='word_1_455' title='bbox 911 2060 989 2097; x_wconf 86' lang='lat' dir='ltr'>pars</span> <span class='ocrx_word' id='word_1_456' title='bbox 1003 2050 1159 2099; x_wconf 85' lang='lat' dir='ltr'>margine</span> <span class='ocrx_word' id='word_1_457' title='bbox 1166 2051 1468 2100; x_wconf 82' lang='lat' dir='ltr'>globiexcipiatur.</span> <span class='ocrx_word' id='word_1_458' title='bbox 1519 2056 1759 2096; x_wconf 80' lang='lat' dir='ltr'>confirmatur</span> 
     </span>
     <span class='ocr_line' id='line_1_39' title="bbox 46 2094 1754 2150; baseline 0.003 -16"><span class='ocrx_word' id='word_1_459' title='bbox 46 2099 118 2134; x_wconf 89' lang='lat' dir='ltr'>hoc</span> <span class='ocrx_word' id='word_1_460' title='bbox 127 2094 339 2146; x_wconf 75' lang='lat' dir='ltr'>potiffimum</span> <span class='ocrx_word' id='word_1_461' title='bbox 350 2107 391 2132; x_wconf 86' lang='lat' dir='ltr'>ex</span> <span class='ocrx_word' id='word_1_462' title='bbox 399 2108 454 2135; x_wconf 86' lang='lat' dir='ltr'>eo,</span> <span class='ocrx_word' id='word_1_463' title='bbox 463 2097 559 2144; x_wconf 82' lang='lat' dir='ltr'>quod</span> <span class='ocrx_word' id='word_1_464' title='bbox 569 2097 604 2131; x_wconf 89' lang='lat' dir='ltr'>in</span> <span class='ocrx_word' id='word_1_465' title='bbox 613 2097 775 2132; x_wconf 87' lang='lat' dir='ltr'>omnibus</span> <span class='ocrx_word' id='word_1_466' title='bbox 783 2098 941 2138; x_wconf 81' lang='lat' dir='ltr'>cometis,</span> <span class='ocrx_word' id='word_1_467' title='bbox 949 2097 1008 2146; x_wconf 90' lang='lat' dir='ltr'>qui</span> <span class='ocrx_word' id='word_1_468' title='bbox 1017 2100 1058 2134; x_wconf 90' lang='lat' dir='ltr'>ab</span> <span class='ocrx_word' id='word_1_469' title='bbox 1066 2099 1164 2134; x_wconf 89' lang='lat' dir='ltr'>annis</span> <span class='ocrx_word' id='word_1_470' title='bbox 1172 2111 1314 2136; x_wconf 89' lang='lat' dir='ltr'>centum</span> <span class='ocrx_word' id='word_1_471' title='bbox 1329 2104 1517 2150; x_wconf 62' lang='lat' dir='ltr'>apparuere</span> <span class='ocrx_word' id='word_1_472' title='bbox 1524 2126 1534 2143; x_wconf 81' lang='lat'>‚</span> <span class='ocrx_word' id='word_1_473' title='bbox 1550 2109 1659 2143; x_wconf 86' lang='lat' dir='ltr'>cauda</span> <span class='ocrx_word' id='word_1_474' title='bbox 1669 2108 1754 2144; x_wconf 90' lang='lat' dir='ltr'>sem.</span> 
     </span>
     <span class='ocr_line' id='line_1_40' title="bbox 45 2144 1756 2196; baseline 0.007 -15"><span class='ocrx_word' id='word_1_475' title='bbox 45 2146 151 2196; x_wconf 85' lang='lat' dir='ltr'>perin</span> <span class='ocrx_word' id='word_1_476' title='bbox 160 2145 332 2186; x_wconf 68' lang='lat' dir='ltr'>adversam</span> <span class='ocrx_word' id='word_1_477' title='bbox 340 2145 358 2180; x_wconf 79' lang='lat' dir='ltr'>a</span> <span class='ocrx_word' id='word_1_478' title='bbox 366 2144 445 2180; x_wconf 90' lang='lat' dir='ltr'>Sole</span> <span class='ocrx_word' id='word_1_479' title='bbox 453 2156 584 2191; x_wconf 86' lang='lat' dir='ltr'>partem</span> <span class='ocrx_word' id='word_1_480' title='bbox 593 2146 831 2192; x_wconf 81' lang='lat' dir='ltr'>protenditur3</span> <span class='ocrx_word' id='word_1_481' title='bbox 856 2147 954 2194; x_wconf 90' lang='lat' dir='ltr'>quod</span> <span class='ocrx_word' id='word_1_482' title='bbox 973 2158 1217 2196; x_wconf 85' lang='lat' dir='ltr'>argumentum</span> <span class='ocrx_word' id='word_1_483' title='bbox 1235 2149 1299 2189; x_wconf 83' lang='lat' dir='ltr'>est,</span> <span class='ocrx_word' id='word_1_484' title='bbox 1321 2153 1467 2187; x_wconf 79' lang='lat' dir='ltr'>caudam</span> <span class='ocrx_word' id='word_1_485' title='bbox 1478 2153 1567 2189; x_wconf 85' lang='lat' dir='ltr'>illam</span> <span class='ocrx_word' id='word_1_486' title='bbox 1578 2155 1644 2191; x_wconf 79' lang='lat' dir='ltr'>effe</span> <span class='ocrx_word' id='word_1_487' title='bbox 1651 2158 1756 2193; x_wconf 77' lang='lat' dir='ltr'>rario—</span> 
     </span>
     <span class='ocr_line' id='line_1_41' title="bbox 44 2192 1755 2243; baseline 0.007 -13"><span class='ocrx_word' id='word_1_488' title='bbox 44 2205 122 2230; x_wconf 87' lang='lat' dir='ltr'>rem</span> <span class='ocrx_word' id='word_1_489' title='bbox 130 2194 306 2229; x_wconf 86' lang='lat' dir='ltr'>materiam</span> <span class='ocrx_word' id='word_1_490' title='bbox 315 2193 440 2228; x_wconf 79' lang='lat' dir='ltr'>aradiis</span> <span class='ocrx_word' id='word_1_491' title='bbox 450 2192 538 2227; x_wconf 83' lang='lat' dir='ltr'>Solis</span> <span class='ocrx_word' id='word_1_492' title='bbox 545 2204 606 2240; x_wconf 87' lang='lat' dir='ltr'>per</span> <span class='ocrx_word' id='word_1_493' title='bbox 613 2204 715 2241; x_wconf 82' lang='lat' dir='ltr'>caput</span> <span class='ocrx_word' id='word_1_494' title='bbox 724 2193 894 2242; x_wconf 84' lang='lat' dir='ltr'>&amp;corpus</span> <span class='ocrx_word' id='word_1_495' title='bbox 903 2206 1050 2230; x_wconf 73' lang='lat' dir='ltr'>cornetae</span> <span class='ocrx_word' id='word_1_496' title='bbox 1058 2194 1205 2243; x_wconf 68' lang='lat' dir='ltr'>trajeffis</span> <span class='ocrx_word' id='word_1_497' title='bbox 1213 2197 1248 2233; x_wconf 68' lang='grc' dir='ltr'>ὅ(</span> <span class='ocrx_word' id='word_1_498' title='bbox 1257 2197 1406 2234; x_wconf 59' lang='lat' dir='ltr'>refractis</span> <span class='ocrx_word' id='word_1_499' title='bbox 1414 2199 1522 2236; x_wconf 86' lang='lat' dir='ltr'>illumi</span> <span class='ocrx_word' id='word_1_500' title='bbox 1528 2213 1652 2243; x_wconf 77' lang='lat' dir='ltr'>natam.</span> <span class='ocrx_word' id='word_1_501' title='bbox 1683 2207 1755 2241; x_wconf 88' lang='lat' dir='ltr'>Ali-</span> 
     </span>
     <span class='ocr_line' id='line_1_42' title="bbox 46 2240 1755 2293; baseline 0.008 -15"><span class='ocrx_word' id='word_1_502' title='bbox 46 2243 190 2290; x_wconf 87' lang='lat' dir='ltr'>quando</span> <span class='ocrx_word' id='word_1_503' title='bbox 197 2253 314 2277; x_wconf 86' lang='lat' dir='ltr'>tamen</span> <span class='ocrx_word' id='word_1_504' title='bbox 323 2240 538 2276; x_wconf 83' lang='lat' dir='ltr'>observatum</span> <span class='ocrx_word' id='word_1_505' title='bbox 547 2241 605 2282; x_wconf 76' lang='lat' dir='ltr'>est,</span> <span class='ocrx_word' id='word_1_506' title='bbox 615 2251 790 2278; x_wconf 87' lang='lat' dir='ltr'>cometam</span> <span class='ocrx_word' id='word_1_507' title='bbox 799 2243 946 2278; x_wconf 85' lang='lat' dir='ltr'>caudam</span> <span class='ocrx_word' id='word_1_508' title='bbox 958 2242 1128 2291; x_wconf 88' lang='lat' dir='ltr'>projicere</span> <span class='ocrx_word' id='word_1_509' title='bbox 1143 2245 1177 2280; x_wconf 88' lang='lat' dir='ltr'>in</span> <span class='ocrx_word' id='word_1_510' title='bbox 1192 2247 1387 2293; x_wconf 83' lang='lat' dir='ltr'>oppofitum</span> <span class='ocrx_word' id='word_1_511' title='bbox 1401 2247 1538 2285; x_wconf 86' lang='lat' dir='ltr'>alterius</span> <span class='ocrx_word' id='word_1_512' title='bbox 1546 2251 1646 2288; x_wconf 83' lang='lat' dir='ltr'>stellae</span> <span class='ocrx_word' id='word_1_513' title='bbox 1654 2254 1755 2291; x_wconf 83' lang='lat' dir='ltr'>valde</span> 
     </span>
     <span class='ocr_line' id='line_1_43' title="bbox 49 2289 1559 2337; baseline 0.005 -11"><span class='ocrx_word' id='word_1_514' title='bbox 49 2289 208 2329; x_wconf 66' lang='lat' dir='ltr'>lucentis,</span> <span class='ocrx_word' id='word_1_515' title='bbox 215 2289 426 2337; x_wconf 77' lang='lat' dir='ltr'>&amp;praecipue</span> <span class='ocrx_word' id='word_1_516' title='bbox 432 2290 583 2325; x_wconf 88' lang='lat' dir='ltr'>Veneris</span> <span class='ocrx_word' id='word_1_517' title='bbox 590 2312 600 2329; x_wconf 82' lang='grc'><em>,</em></span> <span class='ocrx_word' id='word_1_518' title='bbox 612 2291 691 2337; x_wconf 89' lang='lat' dir='ltr'>quia</span> <span class='ocrx_word' id='word_1_519' title='bbox 700 2301 785 2326; x_wconf 91' lang='lat' dir='ltr'>tunc</span> <span class='ocrx_word' id='word_1_520' title='bbox 793 2292 902 2326; x_wconf 90' lang='lat' dir='ltr'>cauda</span> <span class='ocrx_word' id='word_1_521' title='bbox 909 2292 1078 2328; x_wconf 87' lang='lat' dir='ltr'>formatur</span> <span class='ocrx_word' id='word_1_522' title='bbox 1087 2304 1128 2328; x_wconf 81' lang='lat' dir='ltr'>ex</span> <span class='ocrx_word' id='word_1_523' title='bbox 1141 2294 1242 2329; x_wconf 85' lang='lat' dir='ltr'>radiis</span> <span class='ocrx_word' id='word_1_524' title='bbox 1255 2295 1413 2335; x_wconf 85' lang='lat' dir='ltr'>Veneris.</span> <span class='ocrx_word' id='word_1_525' title='bbox 1463 2298 1559 2336; x_wconf 90' lang='lat' dir='ltr'>Hinc</span> 
     </span>
    </p>

    <p class='ocr_par' dir='ltr' id='par_1_10' title="bbox 49 2337 1758 2484">
     <span class='ocr_line' id='line_1_44' title="bbox 145 2337 1754 2393; baseline 0.009 -20"><span class='ocrx_word' id='word_1_526' title='bbox 145 2338 239 2374; x_wconf 75' lang='lat' dir='ltr'>Bene</span> <span class='ocrx_word' id='word_1_527' title='bbox 247 2337 404 2385; x_wconf 87' lang='lat' dir='ltr'>explicari</span> <span class='ocrx_word' id='word_1_528' title='bbox 412 2337 522 2385; x_wconf 89' lang='lat' dir='ltr'>potest</span> <span class='ocrx_word' id='word_1_529' title='bbox 529 2339 641 2385; x_wconf 86' lang='lat' dir='ltr'>primo</span> <span class='ocrx_word' id='word_1_530' title='bbox 648 2361 659 2378; x_wconf 84' lang='lat'>,</span> <span class='ocrx_word' id='word_1_531' title='bbox 667 2339 845 2374; x_wconf 87' lang='lat' dir='ltr'>curcauda</span> <span class='ocrx_word' id='word_1_532' title='bbox 852 2339 966 2375; x_wconf 76' lang='lat' dir='ltr'>minus</span> <span class='ocrx_word' id='word_1_533' title='bbox 975 2339 1011 2376; x_wconf 79' lang='lat' dir='ltr'>sit</span> <span class='ocrx_word' id='word_1_534' title='bbox 1019 2341 1207 2377; x_wconf 88' lang='lat' dir='ltr'>illuminata</span> <span class='ocrx_word' id='word_1_535' title='bbox 1214 2365 1224 2382; x_wconf 92' lang='lat'><strong>‚</strong></span> <span class='ocrx_word' id='word_1_536' title='bbox 1240 2343 1342 2390; x_wconf 74' lang='lat' dir='ltr'>quam</span> <span class='ocrx_word' id='word_1_537' title='bbox 1352 2356 1478 2393; x_wconf 90' lang='lat' dir='ltr'>corpus</span> <span class='ocrx_word' id='word_1_538' title='bbox 1488 2358 1652 2391; x_wconf 64' lang='lat' dir='ltr'>cometae,</span> <span class='ocrx_word' id='word_1_539' title='bbox 1667 2351 1754 2388; x_wconf 83' lang='lat' dir='ltr'>ratio</span> 
     </span>
     <span class='ocr_line' id='line_1_45' title="bbox 49 2384 1758 2447; baseline 0.009 -27"><span class='ocrx_word' id='word_1_540' title='bbox 49 2384 188 2434; x_wconf 78' lang='lat' dir='ltr'>est,quia</span> <span class='ocrx_word' id='word_1_541' title='bbox 196 2385 428 2420; x_wconf 82' lang='lat' dir='ltr'>exhalationes</span> <span class='ocrx_word' id='word_1_542' title='bbox 437 2386 472 2421; x_wconf 73' lang='grc' dir='ltr'>ὅ(</span> <span class='ocrx_word' id='word_1_543' title='bbox 481 2396 593 2434; x_wconf 80' lang='lat' dir='ltr'>partes</span> <span class='ocrx_word' id='word_1_544' title='bbox 605 2388 760 2423; x_wconf 82' lang='lat' dir='ltr'>aethercae</span> <span class='ocrx_word' id='word_1_545' title='bbox 768 2388 1115 2428; x_wconf 76' lang='lat' dir='ltr'>rariores‚formantes</span> <span class='ocrx_word' id='word_1_546' title='bbox 1123 2391 1281 2432; x_wconf 78' lang='lat' dir='ltr'>caudam,</span> <span class='ocrx_word' id='word_1_547' title='bbox 1299 2391 1375 2429; x_wconf 89' lang='lat' dir='ltr'>sunt</span> <span class='ocrx_word' id='word_1_548' title='bbox 1385 2395 1500 2430; x_wconf 72' lang='lat' dir='ltr'>minus</span> <span class='ocrx_word' id='word_1_549' title='bbox 1510 2408 1627 2445; x_wconf 81' lang='lat' dir='ltr'>opacae</span> <span class='ocrx_word' id='word_1_550' title='bbox 1634 2420 1645 2440; x_wconf 69' lang='lat'>2</span> <span class='ocrx_word' id='word_1_551' title='bbox 1652 2409 1758 2447; x_wconf 84' lang='lat' dir='ltr'>atque</span> 
     </span>
     <span class='ocr_line' id='line_1_46' title="bbox 49 2433 1065 2484; baseline 0.002 -13"><span class='ocrx_word' id='word_1_552' title='bbox 49 2435 138 2471; x_wconf 80' lang='lat' dir='ltr'>adeo</span> <span class='ocrx_word' id='word_1_553' title='bbox 146 2433 329 2469; x_wconf 58' lang='lat' dir='ltr'>reflectunt</span> <span class='ocrx_word' id='word_1_554' title='bbox 345 2435 516 2469; x_wconf 88' lang='lat' dir='ltr'>minorem</span> <span class='ocrx_word' id='word_1_555' title='bbox 526 2434 653 2475; x_wconf 85' lang='lat' dir='ltr'>lucem,</span> <span class='ocrx_word' id='word_1_556' title='bbox 661 2436 765 2483; x_wconf 70' lang='lat' dir='ltr'>quam</span> <span class='ocrx_word' id='word_1_557' title='bbox 774 2447 900 2484; x_wconf 90' lang='lat' dir='ltr'>corpus</span> <span class='ocrx_word' id='word_1_558' title='bbox 908 2448 1065 2473; x_wconf 83' lang='lat' dir='ltr'>cometae.</span> 
     </span>
    </p>

    <p class='ocr_par' dir='ltr' id='par_1_11' title="bbox 47 2482 1758 2828">
     <span class='ocr_line' id='line_1_47' title="bbox 146 2482 1758 2544; baseline 0.01 -27"><span class='ocrx_word' id='word_1_559' title='bbox 146 2482 338 2529; x_wconf 79' lang='lat' dir='ltr'>Explicatur</span> <span class='ocrx_word' id='word_1_560' title='bbox 346 2482 516 2522; x_wconf 79' lang='lat' dir='ltr'>secundo,</span> <span class='ocrx_word' id='word_1_561' title='bbox 532 2494 595 2519; x_wconf 88' lang='lat' dir='ltr'>cur</span> <span class='ocrx_word' id='word_1_562' title='bbox 609 2485 717 2518; x_wconf 91' lang='lat' dir='ltr'>cauda</span> <span class='ocrx_word' id='word_1_563' title='bbox 736 2484 840 2520; x_wconf 89' lang='lat' dir='ltr'>soleat</span> <span class='ocrx_word' id='word_1_564' title='bbox 856 2483 921 2520; x_wconf 78' lang='lat' dir='ltr'>ess&#39;e</span> <span class='ocrx_word' id='word_1_565' title='bbox 936 2485 1080 2522; x_wconf 88' lang='lat' dir='ltr'>latiorin</span> <span class='ocrx_word' id='word_1_566' title='bbox 1091 2486 1161 2523; x_wconf 86' lang='lat' dir='ltr'>fine</span> <span class='ocrx_word' id='word_1_567' title='bbox 1173 2508 1185 2528; x_wconf 78' lang='lat'>,</span> <span class='ocrx_word' id='word_1_568' title='bbox 1214 2489 1319 2536; x_wconf 74' lang='lat' dir='ltr'>quam</span> <span class='ocrx_word' id='word_1_569' title='bbox 1333 2489 1370 2526; x_wconf 91' lang='lat' dir='ltr'>in</span> <span class='ocrx_word' id='word_1_570' title='bbox 1381 2491 1758 2544; x_wconf 82' lang='lat' dir='ltr'>principio‚imaginem</span> 
     </span>
     <span class='ocr_line' id='line_1_48' title="bbox 47 2529 1756 2592; baseline 0.01 -28"><span class='ocrx_word' id='word_1_571' title='bbox 47 2530 373 2579; x_wconf 69' lang='lat' dir='ltr'>pyramidisinverlie</span> <span class='ocrx_word' id='word_1_572' title='bbox 381 2529 547 2579; x_wconf 73' lang='lat' dir='ltr'>effigiam-</span> <span class='ocrx_word' id='word_1_573' title='bbox 596 2532 696 2567; x_wconf 86' lang='lat' dir='ltr'>Ratio</span> <span class='ocrx_word' id='word_1_574' title='bbox 707 2532 772 2572; x_wconf 85' lang='lat' dir='ltr'>est,</span> <span class='ocrx_word' id='word_1_575' title='bbox 797 2533 876 2581; x_wconf 81' lang='lat' dir='ltr'>quia</span> <span class='ocrx_word' id='word_1_576' title='bbox 884 2534 966 2569; x_wconf 88' lang='lat' dir='ltr'>radii</span> <span class='ocrx_word' id='word_1_577' title='bbox 975 2534 1110 2571; x_wconf 74' lang='lat' dir='ltr'>reiraffi</span> <span class='ocrx_word' id='word_1_578' title='bbox 1118 2535 1298 2584; x_wconf 85' lang='lat' dir='ltr'>postquam</span> <span class='ocrx_word' id='word_1_579' title='bbox 1307 2539 1518 2577; x_wconf 88' lang='lat' dir='ltr'>uniunturin</span> <span class='ocrx_word' id='word_1_580' title='bbox 1536 2543 1652 2591; x_wconf 83' lang='lat' dir='ltr'>aliquo</span> <span class='ocrx_word' id='word_1_581' title='bbox 1667 2557 1756 2592; x_wconf 77' lang='lat' dir='ltr'>pun-</span> 
     </span>
     <span class='ocr_line' id='line_1_49' title="bbox 49 2578 1757 2638; baseline 0.008 -23"><span class='ocrx_word' id='word_1_582' title='bbox 49 2579 119 2619; x_wconf 71' lang='grc' dir='ltr'>ἑὶο,</span> <span class='ocrx_word' id='word_1_583' title='bbox 130 2580 258 2614; x_wconf 89' lang='lat' dir='ltr'>deinde</span> <span class='ocrx_word' id='word_1_584' title='bbox 268 2578 494 2619; x_wconf 77' lang='lat' dir='ltr'>decussantur,</span> <span class='ocrx_word' id='word_1_585' title='bbox 504 2579 539 2616; x_wconf 74' lang='grc' dir='ltr'>ὅ(</span> <span class='ocrx_word' id='word_1_586' title='bbox 548 2580 893 2629; x_wconf 67' lang='lat' dir='ltr'>divaricantunatque</span> <span class='ocrx_word' id='word_1_587' title='bbox 901 2583 989 2618; x_wconf 88' lang='lat' dir='ltr'>adeo</span> <span class='ocrx_word' id='word_1_588' title='bbox 1003 2583 1079 2630; x_wconf 91' lang='lat' dir='ltr'>post</span> <span class='ocrx_word' id='word_1_589' title='bbox 1086 2585 1355 2622; x_wconf 79' lang='lat' dir='ltr'>decuffationem</span> <span class='ocrx_word' id='word_1_590' title='bbox 1366 2590 1483 2625; x_wconf 85' lang='lat' dir='ltr'>caudae</span> <span class='ocrx_word' id='word_1_591' title='bbox 1492 2590 1612 2638; x_wconf 91' lang='lat' dir='ltr'>incipit</span> <span class='ocrx_word' id='word_1_592' title='bbox 1619 2592 1757 2629; x_wconf 72' lang='lat' dir='ltr'>latelce·</span> 
     </span>
     <span class='ocr_line' id='line_1_50' title="bbox 48 2626 1755 2681; baseline 0.01 -21"><span class='ocrx_word' id='word_1_593' title='bbox 48 2638 97 2665; x_wconf 76' lang='lat' dir='ltr'>re,</span> <span class='ocrx_word' id='word_1_594' title='bbox 146 2627 211 2662; x_wconf 91' lang='lat' dir='ltr'>Seu</span> <span class='ocrx_word' id='word_1_595' title='bbox 222 2637 259 2662; x_wconf 93' lang='lat' dir='ltr'>ut</span> <span class='ocrx_word' id='word_1_596' title='bbox 267 2626 350 2662; x_wconf 88' lang='lat' dir='ltr'>alius</span> <span class='ocrx_word' id='word_1_597' title='bbox 359 2628 428 2662; x_wconf 81' lang='lat' dir='ltr'>sors</span> <span class='ocrx_word' id='word_1_598' title='bbox 437 2627 557 2663; x_wconf 81' lang='lat' dir='ltr'>clarius</span> <span class='ocrx_word' id='word_1_599' title='bbox 566 2628 728 2674; x_wconf 83' lang='lat' dir='ltr'>explicat3</span> <span class='ocrx_word' id='word_1_600' title='bbox 742 2631 821 2677; x_wconf 85' lang='lat' dir='ltr'>quia</span> <span class='ocrx_word' id='word_1_601' title='bbox 837 2631 871 2665; x_wconf 91' lang='lat' dir='ltr'>in</span> <span class='ocrx_word' id='word_1_602' title='bbox 890 2631 995 2678; x_wconf 90' lang='lat' dir='ltr'>priori</span> <span class='ocrx_word' id='word_1_603' title='bbox 1014 2642 1111 2680; x_wconf 85' lang='lat' dir='ltr'>parte</span> <span class='ocrx_word' id='word_1_604' title='bbox 1119 2643 1267 2669; x_wconf 79' lang='lat' dir='ltr'>cometa:</span> <span class='ocrx_word' id='word_1_605' title='bbox 1276 2635 1412 2672; x_wconf 73' lang='lat' dir='ltr'>colleffi</span> <span class='ocrx_word' id='word_1_606' title='bbox 1421 2637 1497 2673; x_wconf 88' lang='lat' dir='ltr'>sunt</span> <span class='ocrx_word' id='word_1_607' title='bbox 1504 2641 1609 2681; x_wconf 86' lang='lat' dir='ltr'>radii,</span> <span class='ocrx_word' id='word_1_608' title='bbox 1625 2641 1755 2678; x_wconf 82' lang='lat' dir='ltr'>deinde</span> 
     </span>
     <span class='ocr_line' id='line_1_51' title="bbox 49 2675 1754 2729; baseline 0.009 -19"><span class='ocrx_word' id='word_1_609' title='bbox 49 2686 133 2710; x_wconf 89' lang='lat' dir='ltr'>vero</span> <span class='ocrx_word' id='word_1_610' title='bbox 141 2675 301 2723; x_wconf 86' lang='lat' dir='ltr'>paulatim</span> <span class='ocrx_word' id='word_1_611' title='bbox 311 2675 557 2712; x_wconf 73' lang='lat' dir='ltr'>dissecantur&amp;</span> <span class='ocrx_word' id='word_1_612' title='bbox 571 2676 829 2718; x_wconf 81' lang='lat' dir='ltr'>diffunduntur,</span> <span class='ocrx_word' id='word_1_613' title='bbox 839 2689 882 2713; x_wconf 92' lang='lat' dir='ltr'>eo</span> <span class='ocrx_word' id='word_1_614' title='bbox 895 2678 1101 2721; x_wconf 76' lang='lat' dir='ltr'>feremodo,</span> <span class='ocrx_word' id='word_1_615' title='bbox 1124 2693 1195 2729; x_wconf 92' lang='lat' dir='ltr'>quo</span> <span class='ocrx_word' id='word_1_616' title='bbox 1212 2683 1379 2720; x_wconf 89' lang='lat' dir='ltr'>nebuloso</span> <span class='ocrx_word' id='word_1_617' title='bbox 1393 2685 1567 2723; x_wconf 90' lang='lat' dir='ltr'>interdum</span> <span class='ocrx_word' id='word_1_618' title='bbox 1583 2689 1677 2724; x_wconf 88' lang='lat' dir='ltr'>coelo</span> <span class='ocrx_word' id='word_1_619' title='bbox 1692 2689 1754 2726; x_wconf 89' lang='lat' dir='ltr'>Sol</span> 
     </span>
     <span class='ocr_line' id='line_1_52' title="bbox 48 2724 1755 2785; baseline 0.011 -29"><span class='ocrx_word' id='word_1_620' title='bbox 48 2734 111 2771; x_wconf 79' lang='lat' dir='ltr'>per</span> <span class='ocrx_word' id='word_1_621' title='bbox 119 2724 274 2771; x_wconf 77' lang='lat' dir='ltr'>quaedam</span> <span class='ocrx_word' id='word_1_622' title='bbox 283 2724 427 2759; x_wconf 88' lang='lat' dir='ltr'>nubium</span> <span class='ocrx_word' id='word_1_623' title='bbox 437 2725 605 2759; x_wconf 74' lang='lat' dir='ltr'>foramina</span> <span class='ocrx_word' id='word_1_624' title='bbox 613 2726 736 2766; x_wconf 85' lang='lat' dir='ltr'>radios,</span> <span class='ocrx_word' id='word_1_625' title='bbox 744 2726 780 2762; x_wconf 75' lang='grc' dir='ltr'>ὅ(</span> <span class='ocrx_word' id='word_1_626' title='bbox 789 2727 960 2776; x_wconf 90' lang='lat' dir='ltr'>virgarum</span> <span class='ocrx_word' id='word_1_627' title='bbox 969 2727 1076 2764; x_wconf 85' lang='lat' dir='ltr'>veluti</span> <span class='ocrx_word' id='word_1_628' title='bbox 1097 2729 1364 2778; x_wconf 86' lang='lat' dir='ltr'>facesjaculatur</span> <span class='ocrx_word' id='word_1_629' title='bbox 1372 2733 1407 2769; x_wconf 91' lang='lat' dir='ltr'>in</span> <span class='ocrx_word' id='word_1_630' title='bbox 1417 2735 1509 2770; x_wconf 82' lang='lat' dir='ltr'>exitu</span> <span class='ocrx_word' id='word_1_631' title='bbox 1525 2736 1736 2785; x_wconf 75' lang='lat' dir='ltr'>compressos</span> <span class='ocrx_word' id='word_1_632' title='bbox 1743 2757 1755 2780; x_wconf 63' lang='lat'>2</span> 
     </span>
     <span class='ocr_line' id='line_1_53' title="bbox 53 2770 790 2828; baseline 0.005 -22"><span class='ocrx_word' id='word_1_633' title='bbox 53 2770 108 2806; x_wconf 89' lang='lat' dir='ltr'>sed</span> <span class='ocrx_word' id='word_1_634' title='bbox 116 2771 276 2820; x_wconf 87' lang='lat' dir='ltr'>paulatim</span> <span class='ocrx_word' id='word_1_635' title='bbox 286 2773 316 2806; x_wconf 83' lang='lat' dir='ltr'>le</span> <span class='ocrx_word' id='word_1_636' title='bbox 324 2773 527 2807; x_wconf 87' lang='lat' dir='ltr'>diducentes</span> <span class='ocrx_word' id='word_1_637' title='bbox 535 2773 570 2809; x_wconf 75' lang='grc' dir='ltr'>ὅ(</span> <span class='ocrx_word' id='word_1_638' title='bbox 587 2773 790 2828; x_wconf 79' lang='lat' dir='ltr'>spargentes.</span> 
     </span>
    </p>

    <p class='ocr_par' dir='ltr' id='par_1_12' title="bbox 52 2819 1760 3024">
     <span class='ocr_line' id='line_1_54' title="bbox 148 2819 1755 2878; baseline 0.011 -25"><span class='ocrx_word' id='word_1_639' title='bbox 148 2819 339 2867; x_wconf 81' lang='lat' dir='ltr'>Explicatur</span> <span class='ocrx_word' id='word_1_640' title='bbox 346 2822 447 2855; x_wconf 90' lang='lat' dir='ltr'>tertio</span> <span class='ocrx_word' id='word_1_641' title='bbox 458 2835 466 2855; x_wconf 89' lang='lat'>:</span> <span class='ocrx_word' id='word_1_642' title='bbox 481 2821 555 2856; x_wconf 89' lang='lat' dir='ltr'>Cur</span> <span class='ocrx_word' id='word_1_643' title='bbox 563 2821 664 2869; x_wconf 80' lang='lat' dir='ltr'>aliqui</span> <span class='ocrx_word' id='word_1_644' title='bbox 672 2832 819 2858; x_wconf 86' lang='lat' dir='ltr'>cometae</span> <span class='ocrx_word' id='word_1_645' title='bbox 827 2822 940 2859; x_wconf 88' lang='lat' dir='ltr'>criniti</span> <span class='ocrx_word' id='word_1_646' title='bbox 950 2822 1030 2865; x_wconf 78' lang='lat' dir='ltr'>sint,</span> <span class='ocrx_word' id='word_1_647' title='bbox 1038 2824 1250 2866; x_wconf 69' lang='lat' dir='ltr'>aliibarbati5</span> <span class='ocrx_word' id='word_1_648' title='bbox 1263 2830 1342 2876; x_wconf 89' lang='lat' dir='ltr'>quia</span> <span class='ocrx_word' id='word_1_649' title='bbox 1355 2830 1540 2878; x_wconf 85' lang='lat' dir='ltr'>aliquando</span> <span class='ocrx_word' id='word_1_650' title='bbox 1554 2832 1638 2868; x_wconf 89' lang='lat' dir='ltr'>radii</span> <span class='ocrx_word' id='word_1_651' title='bbox 1646 2843 1755 2871; x_wconf 90' lang='lat' dir='ltr'>mate-</span> 
     </span>
     <span class='ocr_line' id='line_1_55' title="bbox 52 2865 1754 2927; baseline 0.011 -26"><span class='ocrx_word' id='word_1_652' title='bbox 52 2865 288 2903; x_wconf 83' lang='lat' dir='ltr'>riamcometae</span> <span class='ocrx_word' id='word_1_653' title='bbox 297 2869 488 2904; x_wconf 78' lang='lat' dir='ltr'>densiorem</span> <span class='ocrx_word' id='word_1_654' title='bbox 498 2881 570 2904; x_wconf 91' lang='lat' dir='ltr'>non</span> <span class='ocrx_word' id='word_1_655' title='bbox 579 2869 716 2918; x_wconf 74' lang='lat' dir='ltr'>possunt</span> <span class='ocrx_word' id='word_1_656' title='bbox 734 2872 939 2919; x_wconf 85' lang='lat' dir='ltr'>pervadere,</span> <span class='ocrx_word' id='word_1_657' title='bbox 955 2872 1011 2908; x_wconf 73' lang='lat' dir='ltr'>sed</span> <span class='ocrx_word' id='word_1_658' title='bbox 1031 2873 1096 2910; x_wconf 75' lang='lat' dir='ltr'>hac</span> <span class='ocrx_word' id='word_1_659' title='bbox 1111 2874 1186 2911; x_wconf 76' lang='lat' dir='ltr'>illac</span> <span class='ocrx_word' id='word_1_660' title='bbox 1195 2877 1450 2927; x_wconf 76' lang='lat' dir='ltr'>disperguntur,</span> <span class='ocrx_word' id='word_1_661' title='bbox 1467 2879 1503 2915; x_wconf 75' lang='grc' dir='ltr'>ὅ(</span> <span class='ocrx_word' id='word_1_662' title='bbox 1518 2881 1703 2918; x_wconf 88' lang='lat' dir='ltr'>rebulliunt</span> <span class='ocrx_word' id='word_1_663' title='bbox 1717 2883 1754 2920; x_wconf 91' lang='lat' dir='ltr'>in</span> 
     </span>
     <span class='ocr_line' id='line_1_56' title="bbox 53 2912 1760 2980; baseline 0.011 -31"><span class='ocrx_word' id='word_1_664' title='bbox 53 2912 263 2962; x_wconf 82' lang='lat' dir='ltr'>superficiem</span> <span class='ocrx_word' id='word_1_665' title='bbox 271 2937 281 2955; x_wconf 87' lang='lat'><strong>‚</strong></span> <span class='ocrx_word' id='word_1_666' title='bbox 289 2917 434 2965; x_wconf 74' lang='lat' dir='ltr'>eamque</span> <span class='ocrx_word' id='word_1_667' title='bbox 441 2917 547 2952; x_wconf 84' lang='lat' dir='ltr'>veluti</span> <span class='ocrx_word' id='word_1_668' title='bbox 558 2929 730 2954; x_wconf 90' lang='lat' dir='ltr'>coronant</span> <span class='ocrx_word' id='word_1_669' title='bbox 737 2943 747 2960; x_wconf 89' lang='lat'>‚</span> <span class='ocrx_word' id='word_1_670' title='bbox 759 2919 794 2956; x_wconf 78' lang='grc' dir='ltr'>ὅ(</span> <span class='ocrx_word' id='word_1_671' title='bbox 802 2920 958 2956; x_wconf 87' lang='lat' dir='ltr'>crinitam</span> <span class='ocrx_word' id='word_1_672' title='bbox 975 2919 1087 2958; x_wconf 87' lang='lat' dir='ltr'>efficiu</span> <span class='ocrx_word' id='word_1_673' title='bbox 1093 2932 1141 2960; x_wconf 78' lang='lat' dir='ltr'>nt.</span> <span class='ocrx_word' id='word_1_674' title='bbox 1192 2925 1284 2973; x_wconf 84' lang='lat' dir='ltr'>Qia</span> <span class='ocrx_word' id='word_1_675' title='bbox 1292 2938 1375 2962; x_wconf 89' lang='lat' dir='ltr'>vero</span> <span class='ocrx_word' id='word_1_676' title='bbox 1383 2927 1467 2962; x_wconf 90' lang='lat' dir='ltr'>radii</span> <span class='ocrx_word' id='word_1_677' title='bbox 1475 2928 1590 2975; x_wconf 79' lang='lat' dir='ltr'>saepius</span> <span class='ocrx_word' id='word_1_678' title='bbox 1599 2942 1672 2966; x_wconf 91' lang='lat' dir='ltr'>non</span> <span class='ocrx_word' id='word_1_679' title='bbox 1681 2943 1760 2980; x_wconf 90' lang='lat' dir='ltr'>per-</span> 
     </span>
     <span class='ocr_line' id='line_1_57' title="bbox 52 2964 1758 3024; baseline 0.011 -27"><span class='ocrx_word' id='word_1_680' title='bbox 52 2972 220 3009; x_wconf 80' lang='lat' dir='ltr'>ruperunt</span> <span class='ocrx_word' id='word_1_681' title='bbox 235 2964 331 3000; x_wconf 86' lang='lat' dir='ltr'>initio</span> <span class='ocrx_word' id='word_1_682' title='bbox 340 2965 644 3014; x_wconf 86' lang='lat' dir='ltr'>materiam,postea</span> <span class='ocrx_word' id='word_1_683' title='bbox 653 2979 736 3003; x_wconf 88' lang='lat' dir='ltr'>vero</span> <span class='ocrx_word' id='word_1_684' title='bbox 745 2967 948 3005; x_wconf 81' lang='lat' dir='ltr'>diffolvente</span> <span class='ocrx_word' id='word_1_685' title='bbox 958 2969 989 3005; x_wconf 88' lang='lat' dir='ltr'>se</span> <span class='ocrx_word' id='word_1_686' title='bbox 996 2972 1137 3007; x_wconf 68' lang='lat' dir='ltr'>materia</span> <span class='ocrx_word' id='word_1_687' title='bbox 1144 2973 1235 3008; x_wconf 91' lang='lat' dir='ltr'>viam</span> <span class='ocrx_word' id='word_1_688' title='bbox 1243 2975 1612 3024; x_wconf 67' lang='lat' dir='ltr'>reperiunnpropterea</span> <span class='ocrx_word' id='word_1_689' title='bbox 1619 2981 1758 3016; x_wconf 88' lang='lat' dir='ltr'>contin-</span> 
     </span>
    </p>

    <p class='ocr_par' dir='ltr' id='par_1_13' title="bbox 79 3009 1758 3065">
     <span class='ocr_line' id='line_1_58' title="bbox 79 3009 1758 3065; baseline 0.011 -20"><span class='ocrx_word' id='word_1_690' title='bbox 79 3009 183 3045; x_wconf 87' lang='lat' dir='ltr'>&#39;tnon</span> <span class='ocrx_word' id='word_1_691' title='bbox 192 3022 278 3052; x_wconf 86' lang='lat' dir='ltr'>raro,</span> <span class='ocrx_word' id='word_1_692' title='bbox 287 3023 324 3048; x_wconf 90' lang='lat' dir='ltr'>ut</span> <span class='ocrx_word' id='word_1_693' title='bbox 331 3015 487 3049; x_wconf 85' lang='lat' dir='ltr'>barbatus</span> <span class='ocrx_word' id='word_1_694' title='bbox 497 3025 538 3050; x_wconf 86' lang='lat' dir='ltr'>ex</span> <span class='ocrx_word' id='word_1_695' title='bbox 547 3015 671 3050; x_wconf 89' lang='lat' dir='ltr'>crinito</span> <span class='ocrx_word' id='word_1_696' title='bbox 688 3015 747 3052; x_wconf 80' lang='lat' dir='ltr'>fiat</span> <span class='ocrx_word' id='word_1_697' title='bbox 755 3027 912 3052; x_wconf 89' lang='lat' dir='ltr'>cometes</span> <span class='ocrx_word' id='word_1_698' title='bbox 925 3040 935 3057; x_wconf 82' lang='lat'>‚</span> <span class='ocrx_word' id='word_1_699' title='bbox 950 3018 1032 3054; x_wconf 79' lang='lat' dir='ltr'>sicut</span> <span class='ocrx_word' id='word_1_700' title='bbox 1041 3020 1117 3055; x_wconf 89' lang='lat' dir='ltr'>vice</span> <span class='ocrx_word' id='word_1_701' title='bbox 1124 3022 1219 3056; x_wconf 59' lang='lat' dir='ltr'>versa</span> <span class='ocrx_word' id='word_1_702' title='bbox 1236 3023 1282 3057; x_wconf 92' lang='lat' dir='ltr'>ob</span> <span class='ocrx_word' id='word_1_703' title='bbox 1299 3024 1505 3059; x_wconf 82' lang='lat' dir='ltr'>contrariam</span> <span class='ocrx_word' id='word_1_704' title='bbox 1522 3027 1694 3064; x_wconf 88' lang='lat' dir='ltr'>rationem</span> <span class='ocrx_word' id='word_1_705' title='bbox 1712 3041 1758 3065; x_wconf 79' lang='lat' dir='ltr'>ex</span> 
     </span>
    </p>

    <p class='ocr_par' dir='ltr' id='par_1_14' title="bbox 49 3058 1756 3210">
     <span class='ocr_line' id='line_1_59' title="bbox 79 3058 1756 3116; baseline 0.013 -24"><span class='ocrx_word' id='word_1_706' title='bbox 79 3059 195 3093; x_wconf 89' lang='lat' dir='ltr'>arbato</span> <span class='ocrx_word' id='word_1_707' title='bbox 203 3058 348 3096; x_wconf 87' lang='lat' dir='ltr'>efficitur</span> <span class='ocrx_word' id='word_1_708' title='bbox 358 3063 509 3097; x_wconf 85' lang='lat' dir='ltr'>crinitus.</span> <span class='ocrx_word' id='word_1_709' title='bbox 558 3059 670 3109; x_wconf 86' lang='lat' dir='ltr'>Cujus</span> <span class='ocrx_word' id='word_1_710' title='bbox 678 3065 779 3100; x_wconf 86' lang='lat' dir='ltr'>etiam</span> <span class='ocrx_word' id='word_1_711' title='bbox 789 3066 836 3100; x_wconf 91' lang='lat' dir='ltr'>rei</span> <span class='ocrx_word' id='word_1_712' title='bbox 845 3065 941 3101; x_wconf 78' lang='lat' dir='ltr'>causa</span> <span class='ocrx_word' id='word_1_713' title='bbox 948 3066 1013 3102; x_wconf 78' lang='lat' dir='ltr'>esse</span> <span class='ocrx_word' id='word_1_714' title='bbox 1020 3069 1147 3115; x_wconf 80' lang='lat' dir='ltr'>potest,</span> <span class='ocrx_word' id='word_1_715' title='bbox 1170 3067 1282 3116; x_wconf 86' lang='lat' dir='ltr'>major</span> <span class='ocrx_word' id='word_1_716' title='bbox 1288 3082 1347 3106; x_wconf 87' lang='lat' dir='ltr'>aut</span> <span class='ocrx_word' id='word_1_717' title='bbox 1354 3072 1471 3107; x_wconf 89' lang='lat' dir='ltr'>minor</span> <span class='ocrx_word' id='word_1_718' title='bbox 1485 3074 1633 3112; x_wconf 77' lang='lat' dir='ltr'>accessus</span> <span class='ocrx_word' id='word_1_719' title='bbox 1642 3078 1685 3112; x_wconf 86' lang='lat' dir='ltr'>ad</span> <span class='ocrx_word' id='word_1_720' title='bbox 1692 3078 1756 3112; x_wconf 77' lang='lat' dir='ltr'>So-</span> 
     </span>
     <span class='ocr_line' id='line_1_60' title="bbox 53 3105 1756 3167; baseline 0.012 -26"><span class='ocrx_word' id='word_1_721' title='bbox 53 3105 134 3146; x_wconf 83' lang='lat' dir='ltr'>lem,</span> <span class='ocrx_word' id='word_1_722' title='bbox 143 3116 181 3142; x_wconf 90' lang='lat' dir='ltr'>ut</span> <span class='ocrx_word' id='word_1_723' title='bbox 189 3108 276 3143; x_wconf 81' lang='lat' dir='ltr'>bene</span> <span class='ocrx_word' id='word_1_724' title='bbox 285 3108 472 3146; x_wconf 89' lang='lat' dir='ltr'>observavit</span> <span class='ocrx_word' id='word_1_725' title='bbox 479 3110 604 3158; x_wconf 85' lang='lat' dir='ltr'>Tycho</span> <span class='ocrx_word' id='word_1_726' title='bbox 612 3112 648 3148; x_wconf 83' lang='lat' dir='ltr'>in</span> <span class='ocrx_word' id='word_1_727' title='bbox 656 3123 795 3148; x_wconf 87' lang='lat' dir='ltr'>cometa</span> <span class='ocrx_word' id='word_1_728' title='bbox 803 3121 887 3159; x_wconf 74' lang='lat'>1584.</span> <span class='ocrx_word' id='word_1_729' title='bbox 897 3115 977 3150; x_wconf 76' lang='lat' dir='ltr'>curn</span> <span class='ocrx_word' id='word_1_730' title='bbox 987 3117 1079 3152; x_wconf 88' lang='lat' dir='ltr'>enim</span> <span class='ocrx_word' id='word_1_731' title='bbox 1087 3119 1230 3166; x_wconf 89' lang='lat' dir='ltr'>propior</span> <span class='ocrx_word' id='word_1_732' title='bbox 1237 3120 1307 3156; x_wconf 87' lang='lat' dir='ltr'>Soli</span> <span class='ocrx_word' id='word_1_733' title='bbox 1316 3119 1363 3156; x_wconf 88' lang='lat' dir='ltr'>est</span> <span class='ocrx_word' id='word_1_734' title='bbox 1379 3120 1549 3160; x_wconf 85' lang='lat' dir='ltr'>Cometes</span> <span class='ocrx_word' id='word_1_735' title='bbox 1557 3147 1568 3167; x_wconf 84' lang='lat'>,</span> <span class='ocrx_word' id='word_1_736' title='bbox 1586 3126 1756 3162; x_wconf 68' lang='lat' dir='ltr'>comanti³</span> 
     </span>
     <span class='ocr_line' id='line_1_61' title="bbox 49 3157 1012 3210; baseline 0.011 -20"><span class='ocrx_word' id='word_1_737' title='bbox 49 3157 118 3191; x_wconf 80' lang='lat' dir='ltr'>bus</span> <span class='ocrx_word' id='word_1_738' title='bbox 125 3157 377 3203; x_wconf 79' lang='lat' dir='ltr'>apparetradiis,</span> <span class='ocrx_word' id='word_1_739' title='bbox 385 3159 467 3196; x_wconf 72' lang='lat' dir='ltr'>cum</span> <span class='ocrx_word' id='word_1_740' title='bbox 474 3160 615 3203; x_wconf 87' lang='lat' dir='ltr'>recedit,</span> <span class='ocrx_word' id='word_1_741' title='bbox 621 3162 834 3210; x_wconf 88' lang='lat' dir='ltr'>promittitur</span> <span class='ocrx_word' id='word_1_742' title='bbox 840 3162 886 3200; x_wconf 86' lang='lat' dir='ltr'>illi</span> <span class='ocrx_word' id='word_1_743' title='bbox 893 3165 1012 3206; x_wconf 81' lang='lat' dir='ltr'>cauda.</span> 
     </span>
    </p>
   </div>
   <div class='ocr_carea' id='block_1_3' title="bbox 1644 3218 1758 3271">
    <p class='ocr_par' dir='ltr' id='par_1_15' title="bbox 1644 3218 1758 3271">
     <span class='ocr_line' id='line_1_62' title="bbox 1644 3218 1758 3271; baseline 0.044 -13"><span class='ocrx_word' id='word_1_744' title='bbox 1644 3218 1758 3271; x_wconf 64' lang='lat' dir='ltr'>Expllae</span> 
     </span>
    </p>
   </div>
  </div>
 </body>
</html>
