2087 3610
579 236 918 308 Philosophico
931 269 947 275 -
956 234 1159 288 Politica.
1676 255 1739 308 93

30 328 67 354 tu
74 319 139 355 nda
147 316 181 353 ὅ(
192 317 358 364 sphaerica.
409 316 510 353 Ratio
518 320 602 353 vero
610 340 620 359 ,
629 331 691 354 cur
699 320 860 367 obliquos
871 319 905 354 ὅ(
915 330 986 352 non
1004 316 1152 352 direetos
1161 314 1284 356 videat,
1299 315 1346 350 est
1353 339 1363 354 ,
1372 316 1449 363 quia
1458 317 1668 354 direetorum
1682 332 1732 356 ra-

30 367 165 413 diorum
176 365 298 414 species
307 365 410 400 nimi-:i
419 364 697 402 luceimminutae
707 367 743 403 ὅ(
751 365 911 414 dissipatae
920 366 1081 405 veniunt,
1098 375 1178 400 nam
1188 374 1226 398 ut
1234 364 1279 398 ait
1288 363 1324 398 P.
1338 364 1533 411 Aquilonus
1549 366 1571 404 l.
1589 378 1611 402 1.
1626 369 1728 415 Opn’-

31 427 103 451 cor.
112 411 242 463 propos]
251 425 306 457 42.
340 413 424 447 Ideo
434 413 532 449 color
539 416 694 462 corporis
702 416 894 450 admodum
902 413 1110 450 coruscantis
1120 413 1233 447 minus
1252 410 1439 459 speetabilis
1455 413 1502 447 est
1513 436 1524 453 ‚
1550 415 1652 460 quam
1672 427 1731 452 cu-

26 461 84 512 jus
92 462 148 498 lux
157 461 268 496 minor
275 460 414 499 estmam
426 461 541 511 fulgor
548 463 672 499 oculos
681 463 908 512 perstringens
918 463 1073 497 colorem
1082 460 1207 507 obruit,
1217 471 1287 507 quo
1298 460 1414 495 minus
1422 461 1529 496 visum
1540 462 1648 497 feriat.

126 509 216 546 Hinc
224 509 423 549 deducitur,
433 509 566 546 causam
574 532 584 550 ‚
601 522 662 547 cur
669 512 725 546 iris
739 511 776 546 fit
791 512 940 545 rotunda
947 533 958 549 ,
973 521 1046 544 non
1063 510 1151 544 bene
1166 519 1208 542 ex
1216 520 1259 542 eo
1275 508 1386 556 capite
1399 506 1554 558 assignari
1562 531 1572 548 ,
1588 511 1667 557 quia
1682 511 1730 547 est

33 559 155 608 imago}
174 556 261 592 Solis
293 558 334 591 ab
367 557 436 604 ipso
461 556 542 593 Sole
567 560 722 594 rotundo
747 560 782 593 in
805 559 899 593 nube
919 557 1071 604 depieta,
1091 557 1171 604 quia
1186 556 1246 590 Iris
1262 556 1366 591 etiam
1387 565 1472 592 tunc
1493 557 1652 604 sphaerica
1672 571 1730 607 ap-

31 616 142 655 paret,
150 606 230 640 dum
237 603 296 640 Sol
306 604 415 652 eclipfi
420 617 441 640 n
449 606 574 653 patitur
581 629 592 646 ,
613 606 650 642 ὅ(
659 606 804 642 minime
811 606 982 642 circularis
992 604 1052 644 est.
1104 604 1243 639 Deinde
1253 601 1354 650 juxta
1367 605 1581 652 probabilem
1592 604 1729 642 senten-

33 656 112 691 tiam
123 662 175 690 tot
186 651 261 688 sunt
270 653 303 688 in
312 652 398 688 iride
412 654 501 689 Solis
515 654 647 702 specula
661 677 672 695 ,
698 664 786 703 quot
802 653 878 689 sunt
885 664 991 702 gurtae
1005 653 1041 687 in
1055 654 1166 691 nube,
1186 663 1271 700 ergo
1288 663 1362 687 non
1377 653 1500 688 oiritur
1516 664 1558 688 ex
1573 655 1735 690 rotundi-

32 713 100 739 tate
108 701 219 741 nubis,
235 701 321 736 ratio
334 701 381 736 eil
388 724 398 741 ,
413 702 492 749 quia
501 703 649 750 impetus
658 712 844 738 ventorum
855 701 889 738 ὅ(
900 700 1078 737 fluctuatio
1087 701 1173 735 aeris
1182 701 1216 735 in
1224 701 1373 736 nubibus
1382 700 1548 736 diversam
1556 702 1730 742 continuo

32 750 241 790 §nationem
250 748 286 784 ὅ(
296 747 439 798 figuram
448 749 622 790 efficiunt,
631 750 761 799 semper
768 760 885 786 tamen
904 759 1131 798 permanente
1139 748 1230 784 iridis
1238 748 1453 784 rotunditate
1462 749 1582 788 inillis.

123 798 264 846 Quaeres
275 797 445 835 secundo:
470 798 545 834 Cur
555 799 614 834 Iris
623 809 781 847 appareat
791 797 1045 834 semicircularis
1053 796 1089 832 ὅ(
1098 809 1171 831 non
1179 795 1352 843 perfectus
1366 797 1516 832 circulus
1528 796 1543 836 Ξ
1575 796 1731 846 Respon-

31 847 114 884 deo:
136 845 241 881 varias
249 843 351 892 hujus
359 846 407 881 rei
415 846 528 882 causas
536 844 692 895 affignari
700 849 741 883 ab
751 847 897 895 OpticiS.
949 845 1079 885 Primo,
1088 845 1167 892 quia
1175 844 1284 880 solum
1292 856 1335 880 ex
1344 855 1440 892 parte
1447 845 1530 882 coeli
1538 846 1639 882 datur
1652 858 1731 883 cor-

30 893 197 951 pusnubis
206 893 434 941 diaphanum,
448 895 483 930 in
501 907 573 943 quo
584 895 706 931 solares
719 896 802 931 radii
819 895 1058 942 obliquantur,
1073 893 1109 930 ὅ(
1124 904 1197 928 non
1213 903 1255 928 ex
1269 903 1365 940 parte
1378 902 1495 934 terrae,
1510 904 1594 942 ergo
1604 895 1686 930 cum
1695 905 1739 932 ex

28 941 186 991 :staparte
193 940 330 978 deficiat
340 942 555 990 segmentum
565 944 702 985 circuli,
715 943 783 980 five
791 954 889 979 arcus
897 966 906 983 ,
921 943 1002 978 ideo
1011 942 1069 977 hic
1079 953 1153 977 non
1170 940 1218 975 est
1232 939 1405 988 perfestus
1414 963 1425 981 ,
1442 941 1499 978 sed
1507 951 1627 978 tamen
1644 943 1741 979 semi-

30 989 173 1035 circulus
183 1002 195 1035 3
220 989 333 1038 sicque
342 990 464 1027 oculus
472 993 594 1027 videns
602 993 637 1027 in
647 991 778 1028 circulo
787 992 902 1027 radios
912 991 1109 1038 obliquatos
1119 999 1340 1037 penetrantes
1351 991 1494 1030 nubem,
1502 990 1586 1026 cum
1599 991 1675 1028 haec
1682 1001 1742 1039 ap-

27 1038 176 1088 parentia
183 1039 354 1074 circularis
363 1038 489 1075 listatin
499 1042 608 1081 nube,
631 1052 704 1076 non
714 1041 806 1076 enim
816 1039 927 1088 potest
940 1038 1135 1074 continuari
1150 1049 1231 1072 eum
1245 1047 1334 1072 terra
1346 1060 1357 1077 ,
1390 1049 1466 1084 qua:
1481 1038 1652 1087 diaphana
1666 1051 1742 1077 non

28 1085 91 1127 est,
104 1086 140 1123 ἀ
148 1086 401 1135 consequenter
409 1089 551 1124 minime
559 1089 828 1125 accommodata
835 1090 876 1123 ad
886 1087 1165 1136 penetrationem
1175 1085 1476 1124 radiorum,soli‘im
1484 1086 1580 1120 videt
1587 1086 1737 1122 semicir-

27 1134 156 1173 culum.
205 1135 380 1176 Secundo,
389 1137 469 1183 quia
477 1137 590 1172 radius
599 1135 746 1173 reflexus
753 1137 900 1186 angulos
907 1135 1053 1184 aequales
1062 1136 1167 1170 habet
1176 1146 1257 1170 cum
1265 1133 1368 1168 radiis
1383 1133 1500 1180 primae
1519 1133 1737 1180 incidentiae3

25 1183 98 1220 hoc
111 1193 309 1220 autemnon
319 1182 432 1224 fieret,
447 1184 795 1235 (iappareretinteger
803 1184 970 1228 circulus;
994 1183 1204 1230 quiairidem
1219 1192 1294 1216 non
1316 1181 1477 1216 videmus
1492 1181 1551 1216 nisi
1566 1182 1601 1217 in
1610 1193 1654 1218 eo
1675 1194 1736 1218 va-

25 1242 120 1316 gore„
129 1231 223 1267 unde
230 1230 341 1280 potest
348 1233 520 1279 repercuti
527 1234 570 1268 ad
577 1233 720 1269 oculum
729 1233 908 1282 primarius
916 1231 1004 1267 Solis
1013 1230 1126 1266 radius
1143 1242 1154 1275 3
1178 1228 1233 1265 ille
1239 1239 1358 1265 autem
1372 1241 1480 1277 vapor
1487 1231 1592 1266 debet
1599 1231 1736 1279 opponi

49 1279 96 1316 oli
109 1280 152 1315 ad
164 1288 298 1316 certum
307 1280 491 1328 aspectum,
500 1293 579 1317 nam
588 1282 762 1329 avapore,
775 1282 835 1329 qui
845 1281 892 1316 est
905 1279 1002 1328 supra
1016 1290 1140 1328 gyrum
1155 1277 1272 1318 arcus,
1285 1277 1371 1314 radii
1404 1278 1531 1313 rimarii
1546 1277 1735 1314 refletstun·

26 1326 305 1412 mffgsssttergum
314 1328 487 1370 nostrum,
500 1330 655 1377 avapore
666 1352 677 1370 ,
698 1329 813 1378 quiest
833 1330 921 1364 intra
933 1340 1047 1364 aream
1061 1337 1177 1365 arcus,
1200 1326 1315 1361 radius
1328 1337 1366 1361 re
1393 1325 1517 1362 ee'titur
1531 1336 1613 1362 ante
1625 1327 1735 1375 pedes

25 1387 73 1412 no
142 1376 198 1411 sin
207 1375 422 1425 superficiem
437 1388 550 1418 terrae,
565 1378 654 1414 solus
662 1388 780 1414 autem
789 1377 843 1413 ille
853 1375 1086 1413 semicirculus
1101 1376 1212 1410 vibrat
1224 1374 1359 1409 radium
1374 1375 1575 1421 primarium
1583 1375 1671 1410 Solis
1687 1375 1734 1411 ad

27 1423 169 1473 angulos
177 1424 323 1472 aequales
332 1426 366 1460 in
375 1426 518 1461 oculum
527 1449 537 1466 ,
546 1438 642 1476 ergo.
693 1426 752 1462 Ob
763 1427 911 1462 eandem
922 1427 1011 1461 hanc
1019 1424 1190 1460 rationem
1201 1421 1290 1457 solus
1298 1433 1406 1470 vapor
1414 1421 1618 1459 semicirculi
1631 1435 1735 1471 appa-

26 1472 274 1513 retcoloratus‚
293 1474 372 1521 quia
387 1485 512 1523 nempe
527 1486 569 1510 ex
577 1486 620 1510 eo
633 1473 820 1510 refleffltur
832 1474 946 1509 radius
961 1474 1004 1508 ad
1011 1471 1157 1521 angulos
1170 1470 1329 1518 aequaleS.
1378 1469 1500 1506 Tertio
1510 1492 1520 1509 ‚
1535 1471 1664 1507 deduci
1679 1483 1734 1508 ra·

29 1521 77 1558 tio
85 1520 195 1569 potest
201 1533 243 1557 ex
253 1521 426 1562 dicendis,
448 1523 527 1570 quia
535 1524 616 1558 cum
625 1523 681 1558 iris
691 1524 814 1558 debeat
823 1521 944 1557 elevari
957 1521 1053 1568 supra
1067 1520 1211 1556 oculum
1224 1518 1386 1566 gradibus
1401 1529 1452 1564 45.
1469 1526 1630 1552 centrum
1639 1517 1735 1553 iridis

30 1569 132 1605 debet
139 1568 204 1605 effe
220 1569 254 1605 in
262 1572 390 1606 eodem
398 1570 513 1618 plano,
523 1570 559 1607 ὅ(
566 1571 602 1606 in
611 1571 732 1606 eadem
741 1570 922 1606 altitudine
929 1581 1011 1605 cum
1021 1567 1126 1604 oculo
1135 1590 1144 1607 ,
1161 1578 1245 1615 ergo
1260 1567 1281 1601 si
1297 1565 1396 1602 locus
1404 1588 1414 1606 ,
1430 1564 1526 1614 supra
1546 1576 1654 1612 quem
1662 1565 1736 1602 col-

29 1616 162 1654 locatur
169 1617 249 1653 baiis
259 1618 351 1653 iridis
360 1641 370 1658 ,
380 1617 416 1654 fit
425 1618 460 1654 in
469 1620 592 1655 eadem
600 1618 782 1655 altitudine
794 1629 876 1655 cum
889 1617 996 1653 oculo
1016 1640 1028 1657 ,
1053 1625 1214 1652 centrum
1224 1615 1288 1650 erit
1297 1615 1332 1649 in
1340 1614 1423 1667 basi,
1448 1623 1553 1662 atque
1566 1612 1656 1649 adeo
1670 1613 1736 1650 erit

32 1664 258 1702 semicirculus
271 1679 282 1711 ς
307 1666 327 1701 ii
336 1665 434 1702 locus
444 1667 481 1703 {it
489 1667 605 1707 altior,
620 1678 780 1703 centrum
790 1667 853 1703 erit
861 1666 947 1702 infra
960 1665 1080 1705 bafim,
1095 1664 1131 1700 &
1147 1664 1201 1698 iris
1211 1664 1275 1699 erit
1287 1675 1343 1698 ma
1359 1674 1399 1698 or
1412 1661 1641 1698 semicirculo.
1690 1662 1735 1698 Et

54 1714 105 1750 uia
112 1713 250 1750 difficile
260 1714 316 1754 est,
324 1725 362 1750 ut
371 1715 493 1751 oculus
503 1715 539 1751 iit
555 1715 679 1751 inloco
688 1714 777 1751 adeo
786 1714 855 1750 alto
869 1738 880 1755 ,
899 1724 936 1750 ut
946 1713 1028 1750 basis
1043 1713 1136 1748 iridis
1151 1712 1187 1748 iit
1202 1713 1308 1760 depre
1337 1723 1391 1747 ior
1404 1711 1566 1760 gradibus
1579 1721 1632 1757 45.
1645 1721 1735 1759 prae-

30 1762 156 1848 ἅυπίηι,
165 1763 247 1798 cum
261 1763 316 1798 iris
324 1763 523 1800 videaturin
532 1762 858 1804 notabilidistantia,
873 1763 954 1799 ideo
971 1760 1111 1801 difficile
1127 1760 1198 1803 est,
1219 1770 1257 1796 ut
1270 1760 1442 1796 formetur
1456 1758 1606 1796 circulus
1619 1758 1734 1808 perfe-

86 1821 113 1846 s.

125 1859 165 1894 Et
172 1870 215 1894 ex
223 1858 276 1894 his
284 1859 386 1895 etiam
396 1858 475 1894 colli
501 1859 734 1900 itur,maxime
749 1870 791 1895 ex
803 1858 937 1895 ratione
951 1857 1101 1894 secunda
1114 1880 1125 1899 ‚
1148 1857 1246 1906 quod
1260 1856 1387 1893 variata
1400 1855 1489 1892 Solis
1503 1855 1687 1892 altitudIne
1699 1866 1742 1893 ac

30 1906 278 1955 consequenter
293 1908 389 1942 radio
398 1908 470 1943 dire
508 1919 530 1943 o
537 1931 547 1948 ,
555 1920 616 1957 per
623 1908 714 1943 aliud
724 1906 911 1956 superficiei
920 1906 1089 1955 puncium
1099 1907 1134 1942 in
1150 1905 1393 1954 profunditate
1403 1914 1579 1953 guttarum
1598 1905 1630 1940 (e
1649 1915 1745 1940 mer-

31 1965 149 2005 gente,
156 1956 262 1991 variet
269 1967 413 2004 quoque
422 1956 567 2004 angulus
581 1955 778 1992 reflexionis
787 1978 798 1996 ,
815 1955 1005 1992 &altitudo
1021 1955 1130 1996 iridis,
1147 1955 1229 1990 cum
1247 1954 1343 1990 enim
1356 1942 1416 1990 So]
1432 1948 1594 1989 demissus
1603 1952 1651 1989 est
1664 1975 1675 1994 ,
1701 1952 1741 1990 δε

30 2003 161 2041 vicinus
169 2004 342 2039 horizonti
377 2015 413 2039 er
421 2003 634 2051 superficiem
644 2016 736 2053 pene
745 2005 947 2040 inferiorem
960 2004 1075 2040 radius
1091 2003 1217 2039 intrare
1226 2003 1347 2043 debet,
1366 2012 1407 2038 ut
1422 2000 1566 2038 reflexio
1582 2001 1667 2037 radii
1675 2001 1744 2050 pri-

33 2052 126 2087 marii
141 2062 281 2101 tangere
290 2015 391 2099 posspit
398 2051 652 2091 oculum,unde
659 2053 733 2089 talis
740 2051 883 2088 reflexio
893 2051 960 2088 effe
969 2064 1042 2088 non
1052 2051 1179 2101 potest,
1189 2050 1248 2087 nili
1255 2052 1274 2086 a
1281 2051 1388 2106 guttis
1403 2047 1568 2086 altiffimis
1577 2066 1588 2092 ,·
1596 2049 1633 2087 ἀ
1642 2049 1742 2098 supra

31 2101 194 2136 verticem
204 2100 356 2136 nostrum
372 2100 498 2155 politiS,
507 2101 542 2136 id
550 2101 596 2136 est
605 2124 614 2141 ,
625 2100 755 2137 summa
771 2111 952 2137 curvatura
964 2101 1057 2136 iridis
1072 2100 1198 2137 elevari
1212 2100 1356 2136 minime
1365 2100 1471 2136 debet
1480 2098 1576 2148 supra
1583 2097 1744 2135 nostrum

33 2149 208 2186 verticem.
256 2148 453 2184 Meridiano
463 2159 652 2190 autem,aut
661 2149 776 2185 saltem
784 2150 934 2183 maxime
943 2149 1078 2184 elevato
1089 2148 1171 2185 Sole
1180 2148 1277 2196 supra
1295 2148 1519 2184 horizontem
1528 2147 1644 2183 radius
1652 2157 1744 2195 quo-

35 2198 221 2232 dammodo
239 2196 481 2244 supervenit,ac
490 2199 638 2245 proinde
647 2210 720 2233 non
731 2196 787 2232 nifi
796 2197 814 2232 a
821 2196 921 2232 valde
930 2193 1119 2230 humilibus
1126 2196 1162 2228 ὅ(
1170 2197 1345 2232 horizonti
1355 2196 1561 2246 propinquis
1575 2195 1682 2245 guttis
1689 2206 1743 2231 ra.

38 2245 112 2279 dius
119 2245 250 2293 percuti
258 2247 299 2280 ad
309 2256 371 2280 nos
380 2245 500 2293 potest,
510 2245 660 2293 ideoque
669 2246 731 2281 irid
737 2256 772 2280 es
780 2244 978 2280 meridianae
996 2242 1071 2278 sunt
1078 2241 1179 2278 valde
1193 2239 1353 2277 demiss‘ae.
1402 2246 1509 2280 Irides
1516 2253 1636 2280 autem
1643 2267 1653 2286 ,
1660 2253 1740 2290 quae

38 2292 230 2340 fiuntpaulo
237 2292 311 2340 post
318 2303 444 2334 ortum,
452 2294 504 2329 vel
515 2294 617 2341 paulo
627 2304 706 2329 ante
716 2293 877 2330 occasum
893 2292 999 2331 Solis,
1015 2291 1190 2340 integrum
1207 2290 1338 2325 habent
1352 2289 1606 2326 {emicIrculum
1619 2312 1631 2331 ,
1656 2290 1738 2339 quia

38 2341 198 2376 nimirum
208 2351 301 2380 tunc,
308 2351 346 2377 ut
353 2342 483 2390 optime
491 2343 536 2378 ait
543 2342 755 2382 Aristoteles,
763 2342 844 2381 axis,
853 2341 912 2389 qui
921 2339 1034 2376 transit
1042 2350 1103 2387 per
1111 2348 1230 2374 centra
1237 2337 1330 2373 iridis
1338 2337 1374 2375 ὅ(
1383 2337 1488 2379 Solis,
1503 2338 1740 2387 utrimquein-

39 2389 170 2424 cumbit
178 2390 360 2429 horizonti,
372 2397 454 2439 ergo
464 2393 568 2426 etiam
579 2401 739 2427 centrum
747 2390 840 2426 iridis
850 2388 896 2425 est
905 2389 939 2424 in
953 2388 1024 2437 ipso
1047 2387 1251 2427 horizonte,
1269 2397 1310 2422 ac
1323 2386 1578 2434 consequenter
1589 2386 1742 2423 horizon

38 2435 283 2473 semicirculum
293 2439 455 2474 ablcindit
462 2445 480 2474 a
488 2439 619 2475 circulo
628 2451 688 2488 per
697 2438 770 2487 ejus
779 2448 950 2474 centrum.
1000 2437 1042 2473 Et
1049 2436 1133 2472 hinc
1140 2435 1246 2471 etiam
1256 2433 1311 2472 fit,
1321 2432 1419 2479 quod
1428 2440 1562 2465 cornua
1568 2439 1666 2467 teum
1674 2436 1739 2471 nb·

39 2485 128 2521 veria
138 2486 215 2526 sint,
225 2497 296 2522 non
305 2497 420 2522 autern
438 2487 472 2523 iri
482 2487 623 2526 coelum.

133 2537 264 2578 Angues
272 2546 388 2570 tamen
396 2546 516 2571 contra
524 2537 598 2572 haec
605 2536 815 2572 adducendo
824 2533 1021 2570 testimonia
1028 2529 1248 2583 quorundam
1257 2550 1267 2569 ,
1277 2527 1336 2576 qui
1351 2527 1475 2562 iridem
1483 2534 1742 2573 nonnunquam

40 2581 160 2631 integri
168 2573 284 2618 circuli
294 2582 401 2633 figur&
408 2583 439 2619 se
446 2583 562 2619 vidisse
571 2585 766 2632 perhibent.
815 2584 871 2619 Sic
879 2581 1073 2618 franciscus
1080 2579 1182 2615 Picus
1198 2577 1235 2612 M
1240 2575 1402 2631 iraudulae
1411 2575 1546 2630 Comes
1553 2574 1578 2612 l
1586 2574 1664 2628 2.de
1671 2571 1741 2607 stu-

41 2630 99 2665 dio
107 2631 267 2667 ‹ioth-inae
278 2631 312 2668 ὅ(
322 2635 478 2668 humana:
487 2632 713 2680 philosophiae
721 2644 750 2671 c.
758 2644 782 2678 3.
789 2631 928 2668 testatur
935 2653 946 2670 ,
954 2629 985 2665 se
992 2627 1200 2665 florentiam
1209 2623 1484 2674 proficiscentem
1492 2620 1610 2659 vidiffc
1618 2622 1743 2657 iridem

40 2678 166 2714 circulo
176 2680 244 2715 fere
252 2679 440 2727 completo.
492 2681 588 2716 idem
597 2679 742 2717 affirmat
749 2678 1048 2724 Cardanuslib.14.
1057 2675 1244 2712 subtilitatis
1252 2673 1422 2722 cap.70.&
1430 2675 1604 2708 Averroe's
1613 2669 1700 2716 i.3.M
1706 2679 1742 2704 e·

42 2735 127 2762 teor.
140 2727 270 2763 Vei-uin
280 2729 321 2763 ad
331 2729 404 2764 haec
414 2728 573 2764 Vitellius
583 2729 655 2767 l.10.
663 2728 878 2777 perspeffivae
887 2725 1034 2764 distin&
1043 2727 1099 2770 69.
1109 2723 1242 2759 erudite
1249 2721 1545 2770 respondetwquod
1553 2730 1627 2754 ¹³0ss
1635 2717 1741 2772 fitye-

43 2785 98 2809 rus
105 2786 210 2815 arcus,
219 2775 272 2811 sed
282 2788 322 2812 ex
330 2777 608 2813 reverberatione
616 2778 752 2813 tantum
761 2776 900 2812 luminis
908 2775 996 2811 Solis
1003 2775 1022 2809 a
1030 2773 1112 2809 forti
1128 2773 1222 2807 nube
1231 2794 1242 2812 ,
1257 2781 1315 2806 aut
1331 2771 1375 2806 ad
1391 2780 1516 2805 terram
1524 2777 1584 2803 aut
1591 2767 1634 2802 ad
1643 2765 1746 2802 aliam

46 2823 170 2858 nubem
179 2823 304 2863 fiat,ubi
313 2824 349 2860 lit
356 2836 461 2873 vapor
467 2826 604 2861 roridus
614 2826 649 2860 in
657 2826 775 2861 medio
785 2835 860 2861 tum
867 2823 956 2860 visus
965 2823 1054 2858 inter
1061 2831 1226 2869 vaporem
1234 2843 1245 2860 ,
1261 2829 1337 2858 turn
1346 2819 1476 2854 nubem
1485 2812 1623 2870 aquafit
1631 2825 1747 2870 rever·

47 2871 172 2906 berario
189 2872 222 2907 in
231 2874 351 2908 eadem
362 2872 500 2913 linea,ut
507 2873 667 2922 adipsum
675 2872 819 2910 reflexio
828 2871 900 2908 fieri
907 2868 1021 2920 possit.
1070 2869 1174 2905 Tunc
1181 2869 1276 2904 enim
1285 2868 1434 2916 integras
1443 2865 1544 2919 irides
1550 2864 1659 2899 videri
1666 2860 1746 2912 pos-

48 2916 200 2959 fibileest,
208 2919 242 2956 ὅ(
252 2920 354 2956 talem
364 2921 483 2957 iridem
496 2934 569 2957 non
578 2934 682 2958 unam
691 2945 702 2962 ,
712 2934 776 2957 nec
788 2923 872 2957 duas
880 2920 1016 2956 tantum
1026 2918 1081 2954 sed
1089 2927 1240 2967 quatuor
1247 2917 1352 2953 etiam
1367 2914 1519 2961 conspici
1531 2911 1644 2968 posse,
1666 2920 1706 2967 pt
1714 2909 1749 2947 se

48 2964 167 3002 Paduae
174 2968 287 3004 vidiffe
293 2968 441 3008 testatur.
492 2971 542 3005 Ita
549 2971 653 3006 etiam
663 2970 762 3006 sentit
769 2970 806 3005 P.
815 2970 869 3005 De
879 2969 994 3006 Rhoe.
1002 2967 1087 3003 Phil,
1098 2966 1205 3015 perip.
1215 2966 1235 3004 l.
1249 2978 1278 3004 2.
1288 2967 1320 3004 d.
1328 2976 1365 3010 13·
1375 2975 1407 3011 q.
1415 2973 1441 3008 5.
1448 2960 1574 2999 δώῃ.
1583 2969 1746 3016 inquiens

48 3015 248 3051 crediderim
258 3017 357 3052 irides
365 3017 447 3053 tales
457 3017 559 3054 factas
573 3017 668 3054 fuiss‘e
677 3019 837 3054 solumex
851 3016 1059 3052 retractione
1072 3015 1211 3051 luminis
1221 3016 1308 3050 intra
1324 3013 1454 3048 nubem
1473 3008 1653 3058 produeh,
1668 3019 1746 3046 non

47 3071 163 3100 autern
172 3075 212 3099 ex
219 3062 405 3101 reflexione
412 3066 599 3115 specierum
608 3067 713 3102 Solis:
727 3078 808 3102 narn
816 3065 922 3102 Irides
931 3063 1152 3112 hujusmodi,
1170 3063 1206 3098 in
1221 3063 1346 3111 quibus
1361 3071 1436 3097 non
1444 3059 1582 3097 videtur
1589 3057 1658 3108 ipse
1666 3055 1746 3099 Sol,

51 3109 106 3147 sed
115 3110 278 3150 lumenab
288 3123 331 3149 eo
340 3112 868 3165 produ&um‚apparetepoffunt
876 3113 911 3150 in
920 3113 1072 3162 qualibet
1079 3111 1198 3162 figura.

996 3209 1038 3246 M
1061 3220 1078 3256 3
1607 3201 1756 3253 Qaerec
