2087 3610
613 200 1182 274 Philosophieo-Politica
1679 224 1758 277 135

38 295 126 334 cari,
142 293 228 329 Solis
235 291 357 327 ardore
366 290 505 326 madere
515 289 693 327 scribitura
704 291 826 328 Plinio,
876 292 979 327 Forte
994 292 1073 339 quia
1087 301 1178 327 terra
1195 290 1345 339 spongiae
1363 290 1462 327 instar
1475 292 1597 340 porosa
1612 294 1752 343 allapsos

40 345 166 380 imbres
177 342 282 377 statim
291 339 448 374 absorbet
456 340 490 374 in
499 340 713 386 profundum
720 363 730 380 ,
751 340 902 376 maxime
918 340 939 375 fi
954 351 1078 388 aquarn
1094 341 1236 375 haberet
1250 338 1503 375 subterraneam
1519 353 1532 385 ·‚
1563 342 1641 377 vice
1654 343 1747 380 versa

39 393 124 426 vero
134 389 333 440 proliciente
341 387 428 421 Solis
437 389 570 426 ardore,
580 389 685 423 facilis
693 400 753 436 per
761 388 905 424 eosdem
915 399 1020 436 poros
1028 399 1138 436 vapor
1147 386 1298 424 ascendit
1305 409 1316 427 ,
1331 388 1390 435 qui
1400 388 1458 423 ubi
1466 394 1582 424 aerem
1591 391 1629 424 fri
1633 392 1744 439 gidio.

40 451 115 475 rem
132 437 272 475 lenierit,
283 436 317 470 in
326 438 511 470 humorem
520 436 638 471 abiens
651 447 776 472 terram
786 437 926 472 madere
934 436 1025 474 facit.

138 488 278 535 Qaeres
296 486 353 519 luc
362 485 491 531 primo:
519 484 594 519 Cur
610 485 736 520 imbres
750 484 812 520 (int
825 485 1078 532 frequentiores
1086 484 1122 519 in
1132 484 1271 531 hyeme,
1280 495 1384 531 quam
1393 483 1427 519 in
1435 483 1565 529 aestare3
1592 485 1744 533 Respon.

38 536 127 572 deo:
152 534 334 570 Rationem
344 530 427 571 else,
440 532 520 579 quia
527 534 637 568 aestate
646 531 756 579 major
765 532 811 568 est
819 532 913 568 calor
920 555 930 572 ,
939 531 1193 580 consequenter
1200 532 1322 580 pluviae
1331 533 1462 568 debent
1470 531 1536 567 effe
1546 533 1743 580 infrequen-

37 585 152 623 tiores,
161 593 239 618 nam
256 579 378 628 pluviae
387 591 460 615 non
469 581 630 616 oriuntur
637 581 794 628 proxime
803 591 846 616 ex
854 591 910 619 eo,
919 581 1150 628 quiavapores
1159 580 1336 615 elevantur
1345 579 1482 620 surium,
1491 583 1588 629 quod
1597 581 1643 616 est
1651 593 1740 629 opus

40 631 169 670 caloris,
179 628 234 664 sed
243 640 284 664 ex
294 639 349 668 eo,
359 629 438 676 quia
447 640 591 676 vapores
602 629 722 665 elevati
734 628 1001 665 condensantur,
1014 628 1049 664 ὅ(
1060 630 1190 664 cadunt
1199 630 1382 669 deorsum,
1397 630 1494 677 quod
1511 628 1558 664 est
1578 640 1667 677 opus
1683 631 1742 665 fri-

39 679 131 730 gotis
139 691 152 724 3
175 679 208 712 in
216 677 327 713 :estate
335 687 451 711 autem
459 677 554 726 viget
561 677 597 713 &
605 686 726 726 regnat
735 676 828 713 calor
836 689 848 722 3
871 677 968 712 unde
976 687 1121 724 vapores
1138 677 1316 712 elevantur
1331 676 1368 713 ὅ(
1383 677 1594 722 ascendunt3
1610 679 1738 725 hyeme

37 738 133 767 vero,
143 727 224 762 cum
233 735 354 773 regnet
362 725 478 774 frigus,
487 737 631 773 vapores
638 725 761 761 elevati
768 724 989 775 gravescunt,
998 724 1035 761 ὅ(
1042 724 1258 760 descendunt
1265 724 1426 761 deorsum
1435 725 1469 761 in
1476 725 1619 773 pluvias.
1646 726 1744 762 Hinc

37 773 369 824 colligitAristoteles
384 783 480 808 textu
489 776 545 819 46.
553 773 610 809 lib.
621 785 644 809 1.
664 774 754 812 Met.
775 773 847 809 dari
861 772 1052 809 mirabilem
1069 773 1334 809 circulationem
1347 784 1516 822 vaporum
1531 773 1749 811 ascendenti·

29 835 108 862 um,
123 823 160 859 ὅ(
167 821 466 861 descendentium,
473 832 549 869 quae
565 822 743 858 circulatio
753 822 905 858 imitatur
912 822 1081 857 circulum
1089 819 1176 856 Solis
1183 844 1192 861 ,
1210 822 1268 869 qui
1282 821 1367 857 dum
1376 831 1607 870 moveturper
1615 823 1746 859 Zodia-

37 883 129 911 cum,
138 872 247 906 modo
255 870 390 905 accedit
398 871 441 905 ad
453 870 606 905 nostrum
614 871 798 910 verticem,
809 871 893 905 dum
909 871 927 905 a
941 869 1096 918 Tropico
1109 868 1316 917 Capricorni
1337 870 1558 918 progreditur
1570 872 1613 906 ad
1620 871 1744 919 Tropi-

38 930 118 959 ωιτη
125 918 264 958 Cancri,
273 918 308 954 ὅ(
318 917 430 953 causat
444 918 593 954 aestatem
602 931 611 952 ι
620 920 730 954 modo
739 918 872 954 recedit
880 919 897 952 a
906 917 1023 953 nostro
1030 918 1162 953 vertice
1169 940 1179 958 ,
1188 919 1273 953 dum
1292 918 1310 953 a
1322 917 1479 966 Tropico
1496 919 1624 954 Cancri
1632 930 1747 968 regre-

37 966 128 1007 &ur
141 968 185 1003 ad
191 966 382 1014 Tropicum
391 966 581 1014 Capicorni
589 989 600 1007 ,
616 967 652 1003 ὅ(
660 966 772 1003 causat
779 967 954 1014 hyemem.
1003 965 1166 1002 Similiter
1177 978 1262 1014 ergo
1270 977 1366 1014 aquae
1374 965 1485 1002 aestate
1493 977 1749 1005 convertuntur

36 1015 200 1064 inaquam
210 1038 221 1056 ,
229 1014 265 1052 ὃ(
273 1013 424 1050 refluunt
431 1014 590 1050 deorsum
600 1027 660 1063 per
669 1015 811 1063 pluvias,
828 1015 925 1050 nives
933 1015 1001 1052 dcc.
1026 1015 1107 1050 ideo
1117 1015 1245 1062 hyeme
1252 1015 1430 1050 abundant
1437 1026 1533 1062 aquae
1541 1016 1576 1051 in
1584 1016 1698 1056 terris,
1707 1024 1746 1052 ut

34 1072 177 1115 potetex
184 1064 411 1099 redundantia
420 1061 616 1103 fluminum,
633 1063 782 1103 lacuum,
791 1063 942 1098 fontium
953 1062 1021 1100 &c.
1046 1062 1159 1098 aestate
1165 1074 1250 1098 vero
1260 1074 1403 1110 vapores
1417 1065 1595 1099 abundant
1603 1065 1637 1100 in
1646 1070 1724 1100 aere
1732 1087 1743 1105 ,

35 1121 76 1150 ut
83 1123 174 1160 patet
181 1123 224 1148 ex
231 1112 462 1147 decrelcentia
472 1110 657 1147 fluminum
667 1111 703 1148 &
711 1111 849 1148 lacuum
857 1134 867 1151 ,
875 1122 950 1159 quae
959 1111 1120 1160 provenit
1129 1122 1172 1146 ex
1180 1122 1235 1152 eo,
1245 1112 1343 1159 quod
1352 1123 1448 1159 aquae
1457 1112 1492 1147 in
1502 1123 1647 1160 vapores
1657 1124 1744 1149 con-

36 1160 136 1198 verli:
143 1159 304 1198 fluxerint
312 1158 449 1194 (ursum.
774 1175 782 1188 ·

132 1210 275 1257 Qaeres
284 1208 453 1243 secundo:
480 1207 555 1244 Cur
563 1208 672 1244 nimbi
680 1208 742 1243 sint
750 1207 1004 1256 frequentiores
1012 1207 1140 1247 aestate,
1152 1208 1256 1256 quam
1265 1209 1402 1255 hyeme.
1457 1207 1685 1256 Respondeo:
1699 1222 1750 1246 ra-

36 1257 170 1294 tionem
179 1256 257 1296 effe,
271 1257 350 1304 quia
358 1256 469 1292 aestate
476 1257 559 1292 cum
578 1256 673 1292 calor
681 1257 795 1311 vigeat
802 1279 812 1297 ,
821 1266 860 1291 ut
868 1267 1012 1304 vapores
1021 1255 1273 1305 infrigidemur,
1289 1257 1420 1292 debent
1428 1257 1508 1305 cogi
1517 1257 1551 1292 in
1561 1269 1686 1308 magna
1694 1271 1758 1295 co..

59 1305 89 1341 ‘a
97 1329 106 1346 ,
114 1317 151 1342 ut
158 1306 297 1341 vincant
307 1305 458 1340 calorem
467 1306 552 1340 aeris
561 1306 754 1344 ambientis,
772 1305 867 1340 unde
875 1316 957 1340 cum
977 1304 1099 1351 pluviae
1118 1304 1237 1340 aestivae
1246 1304 1403 1341 oriantur
1416 1316 1458 1340 ex
1473 1307 1660 1353 vaporibus
1669 1319 1749 1344 coa-

34 1317 97 1392 gis
110 1355 145 1390 in
154 1355 301 1389 maxima
309 1354 409 1401 copia
420 1354 453 1388 in
463 1353 583 1389 locum
592 1352 786 1402 angustum,
795 1364 869 1388 non
879 1352 926 1389 est
934 1353 1072 1393 mirum,
1082 1353 1103 1388 {i
1114 1353 1174 1388 [int
1184 1353 1283 1388 valde
1292 1354 1519 1394 abundantes,
1528 1353 1564 1390 ὅ(
1573 1355 1748 1403 impetuo-

35 1402 94 1443 sae,
109 1413 214 1451 atque
234 1403 323 1437 adeo
340 1403 401 1437 lint
420 1402 541 1437 nimbi.
592 1402 633 1437 Et
648 1400 892 1441 confirmatur,
910 1401 988 1448 quia
1006 1402 1088 1436 cum
1103 1400 1197 1437 calor
1209 1401 1328 1436 testatis
1346 1401 1383 1436 lit
1399 1402 1591 1437 vehemens
1603 1426 1613 1443 ,
1639 1403 1752 1441 elevat

35 1450 121 1499 sepe
130 1462 275 1499 vapores
285 1453 321 1487 in
330 1463 454 1499 magna
464 1450 575 1498 copia,
583 1449 619 1486 ὅ(
628 1461 702 1486 non
710 1451 800 1486 bene
811 1449 953 1486 coaetos
967 1449 1003 1485 ὅ(
1018 1459 1215 1485 attenuatos
1223 1473 1233 1489 ,
1256 1450 1316 1498 qui
1325 1449 1453 1485 deinde
1460 1449 1570 1486 statim
1576 1450 1753 1489 resolvun-

36 1508 103 1537 tur.

133 1548 276 1598 Qaeres
283 1547 386 1582 tertio
397 1560 405 1582 :
431 1546 505 1582 Cur
514 1545 622 1581 nimbi
630 1556 808 1594 occupent
818 1557 961 1594 parvum
978 1544 1119 1593 spatium
1140 1555 1238 1581 terrae
1246 1568 1257 1586 ,
1274 1544 1310 1581 ὅ(
1328 1546 1455 1582 durent
1471 1547 1566 1583 brevi
1573 1548 1759 1597 ternpore}

35 1595 262 1642 Respondeo:
287 1595 473 1630 Rationem
483 1593 549 1629 esse
557 1596 706 1630 eandem
715 1617 725 1634 ,
742 1607 846 1641 quam
861 1593 965 1642 paulo
979 1604 1059 1629 ante
1075 1594 1237 1629 dedimus
1245 1616 1255 1634 ,
1279 1605 1407 1642 nempe
1420 1617 1430 1635 ‚
1446 1596 1525 1643 quia
1548 1608 1694 1644 vapores
1710 1608 1754 1635 ut

36 1645 255 1694 stigidentur,
270 1644 348 1691 cogi
360 1644 490 1678 debent
503 1643 537 1678 in
556 1655 681 1691 magna
688 1643 790 1690 copia
800 1644 836 1678 in
845 1642 964 1678 locum
975 1642 1157 1691 angustum
1166 1665 1176 1682 ,
1187 1654 1270 1690 ergo
1282 1643 1412 1679 debent
1420 1655 1593 1693 occupare
1601 1657 1747 1694 pawum

37 1684 190 1742 spatium.
240 1692 365 1728 Rurlus
373 1702 515 1740 propter
526 1691 629 1738 ipsam
637 1691 896 1727 vehementiam
906 1691 941 1727 &
949 1692 1087 1738 copiam
1095 1690 1218 1739 pluviae
1230 1691 1411 1727 resolvitur
1425 1691 1535 1728 statim
1549 1695 1659 1730 nubes
1673 1717 1684 1735 ,
1710 1695 1748 1732 ὅ(

38 1740 136 1780 oeffat
145 1741 294 1777 nimbus.
345 1740 473 1776 Eadem
482 1741 568 1775 ratio
578 1739 634 1779 est,
644 1739 795 1776 currales
805 1740 912 1774 nimbi
920 1739 1076 1775 oriantur
1090 1749 1129 1775 ut
1140 1739 1329 1788 plurimum
1346 1741 1435 1776 circa
1450 1741 1598 1777 vertices
1619 1744 1750 1780 monti-

37 1801 95 1827 um
106 1788 210 1826 flante
219 1788 424 1825 contraillos
441 1798 559 1828 vento,
570 1788 707 1828 scilicet,
715 1789 795 1836 quia
811 1798 936 1824 ventus
943 1787 1208 1835 defertvapores
1219 1788 1254 1823 in
1272 1788 1342 1824 illas
1357 1798 1469 1837 partes
1482 1812 1492 1830 ,
1518 1789 1750 1828 &inveniens

39 1838 330 1886 impedimentum
338 1837 478 1877 montis,
486 1838 660 1873 coadunat
669 1837 706 1872 in
714 1837 863 1872 max1ma
870 1837 980 1885 copia,
989 1848 1095 1884 quare
1110 1836 1198 1873 uniti
1205 1837 1464 1887 infrigidantur,
1488 1837 1524 1874 ὅ(
1532 1838 1751 1877 resolvuntur

40 1887 76 1924 in
84 1887 255 1923 nimbum.

133 1936 278 1983 Qaeres
286 1944 426 1982 quarto:
452 1933 528 1969 Cur
536 1931 673 1980 lingulis
688 1931 761 1968 fere
774 1933 871 1969 annis
885 1932 974 1968 circa
986 1932 1195 1982 principium
1218 1932 1355 1975 aestatis,
1368 1934 1526 1982 quotidie
1536 1934 1599 1972 sub
1612 1937 1753 1974 meridi-

39 1994 94 2022 em
103 1986 270 2020 excitetur
279 1984 416 2018 nimbus
426 1982 520 2018 brevi
527 1979 702 2017 tranfiens.
753 1981 975 2030 Respondeo,
983 1981 1153 2017 rationem
1162 1980 1228 2018 esse
1235 2004 1244 2022 ,
1255 1983 1334 2030 quia
1343 1983 1434 2018 circa
1442 1984 1649 2032 principium
1658 1985 1751 2023 aesta-

40 2033 82 2069 tis
91 2031 283 2081 superficies
295 2042 410 2072 terne,
425 2030 564 2078 &aquae
580 2028 617 2064 ὅ(
631 2034 690 2064 ae‘r
704 2029 750 2065 illi
765 2030 982 2078 propinquus
996 2031 1276 2078 propterradium
1286 2029 1454 2066 reflexum
1463 2032 1749 2072 vehementerin-

39 2081 181 2122 calescit,
188 2082 334 2117 durante
343 2080 479 2115 interim
488 2079 522 2114 in
537 2078 685 2113 secunda
694 2078 780 2114 a'e'ris
790 2079 935 2128 regione
949 2079 1136 2133 frigiditate
1148 2101 1158 2118 ,
1177 2080 1259 2114 curn
1274 2078 1342 2115 illic
1360 2091 1434 2115 non
1449 2081 1623 2130 pertingat
1634 2084 1751 2121 radius

38 2129 201 2170 reflexus,
212 2129 248 2166 ὅ(
257 2129 370 2164 radius
378 2127 528 2164 directius
536 2135 616 2175 eget
625 2124 748 2173 majori
758 2136 918 2175 tempore
934 2127 978 2163 ad
991 2126 1084 2163 illam
1101 2126 1370 2164 calefaciendam
1386 2141 1398 2174 3
1423 2128 1531 2166 Calor
1544 2141 1629 2186 ergo
1644 2133 1751 2169 vehe-

35 2189 138 2214 mens
151 2179 240 2214 circa
247 2187 384 2216 terram,
393 2187 537 2224 vapores
546 2175 657 2210 elevat
667 2175 700 2210 in
718 2187 843 2224 ana
851 2175 1024 2224 copia,qui
1033 2176 1270 2225 pertingentes
1279 2177 1322 2212 ad
1337 2175 1522 2213 secundam
1534 2184 1621 2214 ae'ris
1634 2182 1751 2231 regio.

38 2238 120 2264 nem
131 2238 203 2262 non
221 2226 293 2262 satis
302 2225 498 2261 calefaetam
507 2223 628 2259 aradio
643 2223 774 2260 diretsto
792 2224 903 2260 statim
918 2225 1174 2273 refrigerantur.
1224 2225 1266 2260 Et
1279 2225 1359 2273 quia
1372 2237 1517 2273 vapores
1531 2228 1703 2276 praecipue
1712 2241 1747 2266 e-

37 2274 197 2312 levantur
204 2275 294 2310 circa
302 2275 494 2312 meridiem,
502 2273 583 2307 ideo
592 2271 695 2318 paulo
706 2273 783 2320 post
789 2273 973 2308 meridiem
982 2272 1170 2322 refrigerati
1178 2272 1396 2309 resolvuntur
1409 2274 1445 2309 in
1459 2273 1592 2322 pluvias
1606 2276 1643 2313 δ(
1657 2278 1748 2314 nim-

39 2324 104 2360 bos
113 2323 350 2358 vehementes.
400 2321 542 2358 Interim
552 2321 654 2355 etiam
663 2321 705 2355 ad
715 2320 901 2357 secundam
909 2321 1094 2371 regionem
1103 2322 1189 2358 a'e'ris
1198 2332 1408 2371 propagatur
1414 2322 1511 2358 aestus
1520 2347 1530 2364 ,
1545 2334 1650 2373 atque
1656 2327 1747 2362 adeo

38 2370 188 2408 cessimte
196 2371 302 2407 subita
310 2370 566 2420 refrigeratione
576 2380 745 2416 vaporum
755 2368 883 2406 ceffant
891 2369 1119 2410 nimbLUnde
1134 2369 1169 2405 in
1183 2370 1287 2407 Zona
1304 2371 1409 2407 etiam
1422 2372 1551 2410 torrida
1559 2373 1647 2422 pluit
1659 2387 1747 2423 quo-

42 2420 127 2457 tidie
143 2419 200 2456 sub
215 2419 406 2455 meridiem.

136 2474 279 2524 Quaeres
287 2473 429 2521 quinto:
453 2472 529 2508 Cur
535 2473 567 2522 pl
572 2473 658 2510 uviae
666 2474 774 2523 magis
781 2471 1128 2514 terramfoecundent,
1136 2473 1241 2522 quim
1250 2473 1477 2524 irrigationes,
1526 2474 1750 2524 Respondeoe

42 2522 225 2559 Rationem
235 2521 311 2560 effe,
319 2522 398 2570 quia
407 2522 489 2558 curn
500 2523 535 2558 in
543 2528 622 2558 aere
633 2523 695 2558 lint
704 2523 840 2558 effluvia
848 2521 883 2557 ὅ(
890 2531 1002 2570 partes
1012 2521 1167 2571 spiritosae
1177 2523 1341 2560 omnium
1347 2534 1463 2559 rerum
1472 2546 1482 2564 ,
1490 2522 1612 2571 pluvia:
1622 2526 1746 2562 multas

43 2572 142 2607 exhis
149 2570 310 2607 deferunt
325 2571 492 2606 interram
503 2571 648 2619 ,quibus
664 2570 754 2607 illam
767 2571 986 2606 foecundant.
1036 2571 1086 2606 Ex
1101 2572 1225 2606 eadem
1239 2571 1376 2607 ratione
1390 2583 1409 2606 a
1437 2583 1487 2607 uae
1503 2570 1655 2610 fluviales
1671 2574 1748 2612 sunt

44 2619 279 2656 foecundiores
286 2642 295 2659 ,
304 2619 407 2667 quarn
416 2630 511 2667 aquae
520 2620 684 2655 fontanae.
733 2619 900 2655 Pluviales
909 2619 1003 2654 enim
1012 2620 1139 2668 magna
1147 2629 1293 2668 exparte
1305 2583 1519 2669 colligantur
1526 2632 1569 2656 ex
1577 2621 1700 2669 pluviis
1708 2623 1747 2661 ὅς

42 2668 186 2708 nivibus,
193 2679 296 2716 atque
305 2668 393 2703 adeo
404 2667 479 2702 sunt
485 2667 596 2716 plenae
604 2667 720 2704 multis
730 2667 748 2703 s
765 2668 894 2704 iritibus
902 2690 912 2707 ,
921 2667 981 2715 qui
989 2666 1112 2704 desunt
1118 2669 1214 2716 aquis
1222 2668 1387 2709 fontanis,
1395 2680 1471 2717 quae
1488 2669 1564 2704 sunt
1571 2669 1672 2706 valde
1680 2683 1745 2719 pu-

47 2726 89 2752 η
97 2716 131 2753 ἀ
138 2715 296 2765 limpidae,
305 2717 385 2752 cum
395 2714 548 2751 fluviales
556 2716 687 2752 soleant
699 2728 719 2752 e
746 2728 766 2752 e
782 2716 939 2754 turbidae.
989 2716 1039 2752 Ex
1055 2717 1177 2753 eadem
1192 2717 1327 2752 ratione
1336 2718 1395 2752 nix
1415 2717 1451 2753 ὅ(
1466 2728 1523 2752 ros
1537 2717 1746 2758 foecundant

47 2771 177 2806 taram,
186 2766 265 2814 quia
273 2765 375 2813 plena
385 2765 459 2800 sunt
468 2764 591 2800 talibus
601 2765 759 2801 effluviis.
807 2766 918 2801 Nives
925 2773 1044 2800 tamen
1056 2764 1265 2801 foecundant
1273 2766 1378 2801 etiam
1387 2777 1430 2800 ex
1437 2765 1504 2801 alio
1520 2767 1642 2814 capite,
1665 2769 1746 2816 quia

50 2811 203 2849 m‘mirum
213 2813 271 2850 suo
280 2814 407 2863 frigore
416 2812 600 2854 claudunt,
609 2813 645 2850 3<
654 2813 896 2862 constringunt
903 2823 1009 2860 poros
1017 2821 1126 2853 terrae,
1133 2823 1237 2862 atque
1244 2815 1334 2850 adeo
1350 2814 1546 2864 impediunt
1553 2814 1742 2854 exhalatio-

51 2870 111 2896 nes
119 2861 302 2910 spirituum,
312 2862 371 2910 qui
380 2861 568 2903 evolarent,
577 2863 673 2898 unde
681 2862 808 2898 occlusi
815 2861 939 2898 melitis
947 2861 965 2897 a
974 2870 1063 2898 terra
1076 2862 1303 2899 imbibuntur.

229 2936 282 2962 res
291 2924 401 2961 sexto:
426 2925 555 2960 Utrum
563 2935 635 2972 quo
642 2923 780 2959 altiores
787 2922 864 2958 sunt
872 2923 993 2963 nubes,
1000 2933 1046 2958 eo
1062 2932 1238 2971 guttarum
1248 2931 1365 2958 motus
1373 2920 1462 2957 circa
1469 2931 1594 2959 terram
1604 2923 1641 2961 sit
1647 2925 1744 2962 velo-

50 2971 141 3012 dor?
191 2974 366 3023 espondeo
373 2971 551 3009 affirmativ
557 2973 588 3012 e,
598 2973 676 3020 quia
684 2971 826 3022 guttulae
834 2971 897 3006 illae
906 2982 977 3019 quo
987 2971 1125 3007 lonwius
1133 2972 1346 3011 feruntur,e0
1356 2970 1392 3005 in
1403 2969 1433 3005 se
1440 2968 1609 3018 majorem
1619 2973 1741 3023 impul-

50 3021 121 3058 ium
128 3021 172 3058 im
195 3023 336 3062 rimunt,
345 3022 386 3058 fic
398 3022 458 3057 'ue
465 3020 650 3071 perfeffius
662 3020 871 3069 principium
883 3019 1002 3056 motsss
1011 2996 1088 3055 in‘se
1096 3020 1236 3058 habent,
1245 3019 1403 3065 viresque
1417 3020 1602 3068 acquirunt
1609 3025 1741 3067 eundo,

49 3034 338 3121 &conigquenter
346 3070 382 3107 in
419 3082 464 3108 ne
472 3070 592 3108 motus
599 3068 756 3108 velocius
765 3069 1004 3106 movebuntur
1010 3067 1154 3118 guttulae
1162 3067 1226 3106 iuae
1236 3067 1412 3107 cadentes.

1608 3185 1753 3235 Qaeres
