2087 3610
295 226 396 264 220
955 203 1319 275 Meteorologia

862 287 1395 374 QUAESTIO
1447 286 1518 352 11.

587 407 651 438 uae
668 387 764 459 sint
784 401 1074 437 terraemotus
1087 386 1268 455 species
1284 424 1298 449 ‚
1311 385 1504 455 ejusque
1516 380 1770 454 praefhgia.

302 466 596 609 COnclusio
612 474 729 521 prima.
756 474 850 509 Duas
869 470 998 518 species
1007 479 1102 505 terrae
1113 479 1230 504 motus
1238 466 1632 506 enumeratAristoteles.
1684 468 1760 503 Una
1768 454 2013 516 est‘rpofsrae&
2064 456 2065 459 ¹

434 533 582 562 tremor,
598 523 642 557 lic
657 520 784 561 dietus,
802 519 968 567 quoniam
985 528 1048 574 ea,
1064 529 1138 565 quae
1153 526 1307 553 tremunt
1320 517 1430 551 modo
1445 516 1480 552 in
1495 517 1586 551 hanc
1603 517 1713 550 modo
1728 516 1763 550 in
1778 513 1869 552 illam
1883 524 2016 563 partem

435 577 618 613 vibrantur.
672 575 788 611 Altera
807 574 854 611 est
874 576 1060 615 ‹rwv‘issuos
1084 575 1203 618 Pulsus,
1222 573 1361 620 quando
1381 581 1469 608 terra
1488 571 1595 607 veluti
1614 571 1844 609 intumescens
1863 573 2017 625 affurgit,
2066 607 2067 618 5

301 626 379 674 quia
393 635 516 662 ventus
535 637 577 662 ex
594 624 705 660 infero
716 622 808 659 reeta
820 622 1002 659 ascendere
1015 623 1197 658 contendit
1211 621 1247 657 ὅ(
1263 621 1397 657 fornice
1414 631 1566 657 cavernae
1580 620 1698 667 pullat.
1748 622 2016 669 Appellaturve-

299 676 340 709 ro
355 675 448 721 pulsus
465 683 606 721 propter
623 672 876 707 similitudinem
892 670 1004 718 pulsus
1021 671 1219 706 arteriarum
1235 670 1270 705 in
1284 668 1486 704 animalibus
1500 691 1510 708 ,
1525 669 1586 717 qui
1601 680 1643 702 ex
1658 668 1728 703 alto
1743 691 1753 707 ,
1768 670 1823 705 {eu
1838 673 2018 719 profundo
2066 690 2084 710 5

300 722 404 762 subit,
422 722 457 757 <Sc
472 722 626 757 arteriam
638 721 672 756 in
682 719 822 755 sublime
836 719 938 758 tollit.
989 719 1038 753 Ex
1051 718 1102 753 his
1119 728 1250 753 tremor
1258 718 1347 752 adeo
1356 717 1480 753 noxius
1488 729 1563 752 non
1578 716 1641 756 est,
1652 718 1747 764 quOd
1763 729 1842 754 eum
1858 721 1959 756 iaciat
1967 722 2018 757 vis
2067 714 2084 758 'p

299 771 395 807 venti
412 771 445 804 in
457 780 566 816 partes
584 768 748 804 distracta.
800 768 879 803 Nec
894 766 1049 815 periculo
1065 766 1198 801 conflat
1212 765 1342 815 pulsus,
1358 766 1522 812 quoniam
1536 776 1656 812 parum
1674 764 1840 803 attollitur
1857 765 1945 805 'terra
1956 792 1967 810 ,
1982 769 2020 807 ὃς
2067 758 2085 808 Ji

299 830 384 854 mox
399 818 584 854 remittitur
600 830 611 862 3
628 812 924 864 periculosissimus
944 814 1028 851 vero
1044 814 1092 850 est
1111 828 1122 860 3
1146 815 1288 862 quando
1307 814 1341 850 in
1360 814 1492 848 hiatum
1509 813 1681 862 sepandit,
1696 823 1771 849 tum
1792 826 1934 865 propter
1947 830 2021 854 ma·
2067 811 2085 831 '³'

300 879 410 916 gnum
425 866 520 901 venti
537 866 724 914 impetum,
741 873 816 900 tum
834 864 913 912 quia
927 864 963 899 in
980 875 1085 898 unam
1101 873 1234 911 partem
1250 864 1483 911 procumbens
1498 861 1543 896 ita
1557 872 1682 897 terram
1697 863 1843 910 impellit
1854 887 1866 906 ,
1890 875 1929 902 ut
1943 876 2021 904 ruat
2067 876 2069 902 1

302 916 338 950 ὅ(
353 915 574 951 subvertatur.
2072 939 2074 942 .

398 962 470 998 Has
486 964 569 997 duas
587 970 805 996 terraemotus
821 960 945 1008 species
959 961 1091 995 Seneca
1107 959 1168 997 l.6.
1187 957 1444 1007 quaest.c.21.ex
1457 954 1648 993 Possidonii
1659 958 1826 996 sententia
1842 961 1947 1008 paulo
1962 963 2021 999 ali·
2068 962 2076 993 3'

299 1020 352 1047 ter
369 1021 564 1050 enumerat,
575 1010 609 1045 ὃ(
620 1018 800 1056 propterea
819 1009 953 1044 tertiam
962 1007 1117 1056 adjungit
1131 1008 1182 1042 his
1197 1007 1309 1043 verbis
1324 1020 1332 1041 ε
1348 1007 1419 1041 duo
1435 1017 1560 1054 genera
1575 1005 1665 1047 sunt,
1681 1017 1719 1042 ut
1734 1006 1937 1046 Poffidonio
1952 1004 2021 1061 pla-
2068 1030 2069 1036 =

301 1069 357 1096 cct
369 1083 378 1099 ,
395 1059 518 1106 quibus
534 1069 695 1094 movetur
711 1067 798 1092 terra
811 1080 822 1096 ,
843 1057 981 1105 utrique
1001 1068 1134 1091 nomen
1151 1055 1197 1090 est
1216 1055 1395 1102 proprium
1411 1077 1420 1094 ,
1436 1055 1539 1090 altera
1553 1053 1718 1090 succuffio
1735 1055 1783 1091 est
1795 1079 1806 1097 ,
1826 1069 1907 1094 cum
1932 1070 2023 1098 terra
2068 1060 2069 1065 ’

303 1109 472 1155 quatitur,
488 1107 523 1142 &
541 1106 666 1142 [ursum
683 1118 723 1141 ac
732 1104 892 1140 deorsum
909 1115 1081 1142 movetur.
1131 1103 1532 1151 Alterainclinatio,quae
1543 1103 1688 1139 inlatera
1698 1115 1796 1140 nutat
1809 1107 2021 1156 navigiimo-

300 1168 348 1194 re.
400 1156 473 1204 Ego
488 1156 631 1190 tertium
647 1154 729 1189 illud
743 1153 916 1194 existimo,
931 1154 1028 1202 quod
1046 1164 1141 1188 novo
1157 1151 1331 1188 vocabulo
1346 1151 1511 1200 fignatum
1533 1151 1592 1190 est.
1644 1153 1731 1188 Non
1747 1154 1839 1189 enirn
1855 1155 1922 1192 sine
1942 1169 2022 1193 cau.

303 1205 332 1239 sa
347 1214 537 1240 tremorem
553 1214 649 1238 terrae
665 1203 781 1239 dixere
801 1199 1036 1249 majores,qui
1056 1211 1189 1236 tremor
1211 1200 1347 1246 utrique
1361 1197 1525 1236 dissimilis
1542 1199 1589 1234 est
1601 1223 1611 1241 ,
1627 1211 1701 1236 tum
1719 1201 1933 1240 inclinationi
1946 1215 2023 1242 tum
2071 1225 2074 1230 v

302 1250 507 1288 succullioni
523 1275 534 1291 ,
554 1263 633 1287 nam
658 1262 723 1287 nec
740 1250 976 1287 succutiuntur
992 1250 1128 1289 omnia,
1145 1261 1208 1287 nec
1223 1248 1445 1288 inclinantur,
1461 1247 1516 1283 sed
1534 1249 1720 1285 vibrantur.
1784 1251 1919 1288 Auctor
1938 1256 2023 1291 vero
2069 1244 2087 1292 :f

301 1300 460 1336 libellide
475 1302 609 1337 mundo
625 1302 668 1335 ad
679 1299 930 1339 Alexandrum,
941 1298 1182 1346 quiAristoteli
1198 1296 1376 1336 tribuitur,
1395 1298 1522 1344 septem
1538 1296 1663 1344 species
1677 1299 1831 1336 recenset
1842 1323 1852 1341 ,
1875 1314 2024 1349 quarum
2070 1294 2078 1304 M

302 1359 421 1385 tamen
431 1349 588 1396 quoedam
597 1349 639 1383 ad
647 1347 837 1385 accidentia
845 1356 1062 1382 terraemotus
1070 1346 1187 1382 referri
1195 1345 1344 1394 possunt.
1395 1344 1528 1381 Unaest
1536 1356 1660 1381 eorum
1676 1355 1772 1382 terrae
1780 1359 1956 1391 motuum,
1964 1352 2024 1401 qui
2070 1351 2075 1387 l

303 1406 346 1440 ad
357 1406 502 1454 angulos
512 1414 632 1441 acutos
647 1404 683 1440 in
700 1403 881 1452 obliquum
898 1403 1099 1451 quatiuntur
1121 1393 1337 1435 ἐπικλίντης
1357 1401 1492 1437 dicitur.
1530 1402 1647 1439 Altera
1659 1405 1861 1442 nominatur
1868 1400 2024 1453 βράςκς
2070 1428 2073 1435 0

304 1453 397 1489 idem
414 1453 581 1492 ebulliens
598 1475 608 1492 ,
625 1451 866 1492 effervescens,
881 1463 955 1508 quq
967 1461 1056 1487 terra
1075 1450 1304 1500 confringitur
1317 1473 1327 1490 ,
1346 1447 1382 1486 ὃς
1398 1450 1522 1487 sursum
1538 1450 1573 1487 &
1594 1452 1754 1488 deorsum
1777 1453 1877 1491 reffis
1892 1456 2025 1506 angulis
2070 1450 2072 1486 l

304 1509 499 1562 succiditur.
548 1509 665 1545 Tertia
678 1509 725 1548 est
739 1515 996 1556 χασματίας
1017 1519 1098 1544 cum
1114 1506 1152 1542 fit
1165 1517 1263 1542 terrae
1280 1506 1393 1542 hiatus
1406 1529 1417 1546 ,
1439 1506 1475 1542 ὅ(
1496 1508 1645 1556 amplam
1666 1510 1868 1558 voraginem
1888 1514 2025 1553 retinet.
2070 1515 2071 1538 ἶ

305 1566 438 1613 Qma
458 1576 473 1611 ρ
488 1554 600 1600 7ἕκτης
614 1588 624 1605 ,
640 1564 699 1612 qui
713 1565 748 1600 vi
759 1564 942 1614 eruptione
961 1562 1049 1600 facta
1065 1562 1167 1598 rimas
1181 1562 1316 1611 apertit.
1367 1561 1500 1610 Quinta
1519 1565 1566 1601 est
1589 1552 1691 1607 ὢςνς
1705 1565 1922 1615 impulsorius
1937 1592 1948 1610 ,
1964 1570 2025 1618 qui

304 1631 403 1658 terra:
418 1632 535 1658 motus
552 1621 620 1662 unfit
630 1620 817 1669 agitatione
828 1620 1003 1657 subvertit.
1052 1618 1154 1653 Sexta
1165 1612 1439 1660 aroeastaoesst'mz,
1449 1619 1482 1654 id
1491 1620 1729 1660 est,tremulus
1738 1645 1747 1663 ,
1756 1623 1833 1671 quia
1843 1623 1950 1661 efficit
1958 1635 2026 1661 ter·
2064 1637 2078 1642 ··

303 1688 348 1712 rae
363 1687 501 1713 motum
515 1676 658 1712 tremori
668 1687 741 1711 non
758 1675 960 1711 dissimilem.
1010 1672 1163 1720 Septima
1170 1662 1384 1719 μυκητῖωις,
1397 1676 1557 1722 mugiens
1574 1678 1713 1717 dicitur,
1723 1679 1802 1726 quia
1816 1691 1896 1716 cum
1913 1683 2027 1731 mugi..

305 1740 343 1767 tu
353 1730 389 1766 ὅ(
404 1730 515 1767 sonitu
534 1739 658 1767 terram
673 1728 793 1776 quatit,
843 1728 893 1762 Ex
908 1727 1032 1777 quibus
1045 1726 1141 1761 vides
1156 1747 1166 1763 ,
1186 1725 1284 1772 quod
1296 1724 1437 1771 quidam
1456 1723 1598 1760 effeetus
1613 1727 1727 1773 potius
1745 1727 1800 1762 vel
1815 1729 2024 1774 accidentia,

306 1790 411 1828 quam
430 1778 555 1825 specics
570 1777 735 1812 fintterrae
752 1786 883 1813 motus.
937 1772 1468 1822 ItaqueAristotelisvelSenecae
1485 1773 1603 1808 divilio
1623 1775 1803 1811 retinenda
1817 1776 1875 1814 est.

404 1828 511 1863 Addit
528 1838 612 1861 vero
630 1826 722 1860 idem
737 1824 985 1872 Philolophus,
1002 1833 1128 1858 terram
1142 1821 1277 1857 moveri
1291 1821 1326 1856 in
1341 1819 1447 1856 latum
1463 1821 1676 1868 frequentius
1694 1846 1703 1863 ,
1718 1835 1820 1870 quam
1836 1824 2028 1864 secundum

308 1875 601 1926 profunditatem,
617 1875 686 1909 hoc
703 1872 750 1909 est
765 1896 776 1914 ,
792 1873 918 1908 sursum
934 1872 969 1907 &
986 1870 1157 1908 deorsum.
1208 1869 1394 1904 Rationem
1408 1867 1525 1908 affert,
1539 1871 1618 1917 quia
1641 1871 1811 1908 exhalatio
1828 1872 1863 1910 ὅ(
1878 1873 2028 1922 spiritus,

307 1925 367 1973 qui
384 1923 482 1959 causa
495 1923 542 1958 est
555 1931 777 1965 terraemotus
792 1921 904 1958 multo
912 1919 1021 1970 magis
1035 1916 1452 1969 protenditurl'ecundum
1464 1917 1700 1961 latitudinem,
1716 1919 1820 1969 quam
1835 1921 1988 1960 Iecundu

306 1972 593 2022 protunditatem.
1969 1979 1975 1993 ,

405 2020 637 2058 Observatum
659 2018 763 2054 etiam
781 2017 828 2054 est
841 2040 851 2059 ,
871 2027 911 2054 ut
924 2016 1078 2054 referunt
1091 2015 1310 2052 Fromondus
1324 2014 1360 2050 ὅ(
1375 2013 1513 2051 Cabeus
1528 2014 1563 2051 in
1579 2017 1728 2063 text.46.
1739 2017 1853 2065 quaest.
1863 2030 1887 2058 1.
1900 2028 2028 2059 terram

309 2082 392 2107 cum
408 2069 609 2106 concutitur
624 2067 807 2103 lateraliter
821 2066 972 2105 moveri,
985 2064 1040 2100 vel
1049 2065 1090 2101 ab
1098 2064 1234 2099 oriente
1249 2063 1285 2100 in
1295 2063 1625 2103 occidentem,vela
1635 2064 1914 2112 septentrionead
1924 2070 2028 2105 meri..

310 2120 415 2156 diem,
467 2117 653 2154 Rationem
668 2116 836 2164 optimam
849 2114 947 2151 affert
955 2114 1110 2152 Cabeus,
1125 2112 1205 2160 quia
1213 2123 1308 2148 venae
1317 2121 1484 2147 terrarum
1498 2123 1687 2149 excurrunt
1698 2113 1903 2164 plerumque
1916 2117 1934 2152 a
1943 2117 2028 2165 polo

315 2169 359 2203 ad
376 2166 516 2214 polum,
530 2166 565 2202 ὃ(
576 2165 762 2213 aliquando
779 2165 821 2199 ab
831 2163 966 2199 oriente
983 2163 1018 2197 in
1027 2161 1265 2200 occidentem,
1281 2171 1319 2196 ut
1333 2160 1465 2196 constat
1477 2160 1630 2208 pluribus
1644 2163 1872 2209 experientiis.
1923 2166 1965 2203 Et
1977 2178 2029 2203 ra-
2062 2176 2073 2194 Α

316 2217 368 2252 tio
383 2214 584 2263 potestesse,
599 2214 677 2262 quia
685 2222 774 2249 terta
789 2220 1072 2261 coagmentatur,
1086 2221 1146 2257 per
1154 2210 1316 2245 ordinem
1334 2209 1377 2244 ad
1386 2220 1502 2248 axem,
1516 2208 1596 2245 cum
1606 2209 1913 2254 altereturacoelo,
1930 2215 2033 2262 quod
2066 2239 2067 2244 ,

318 2265 408 2300 circa
415 2275 515 2299 axem
532 2272 676 2300 rotatur.
727 2261 822 2298 Cum
837 2272 920 2309 ergo
934 2270 1031 2296 venae
1048 2268 1215 2294 terrarum
1223 2259 1479 2306 protendantur
1486 2257 1589 2293 velab
1600 2259 1735 2294 oriente
1745 2259 1780 2294 in
1795 2261 2039 2305 occidentem,
2071 2271 2073 2299 ἒ

317 2313 373 2349 vel
383 2314 401 2347 a
410 2311 640 2360 septentrione
648 2311 689 2346 ad
698 2310 879 2347 meridiem
890 2332 900 2349 ,
917 2309 1020 2345 etiam
1030 2306 1264 2342 exhalationes
1274 2306 1354 2342 cum
1364 2317 1424 2354 per
1431 2317 1535 2342 venas
1549 2305 1805 2348 diffunduntur,
1814 2312 1986 2357 protendu
1992 2324 2030 2347 n-
2072 2334 2073 2338 =

318 2372 375 2398 tur
391 2364 516 2397 eodem
532 2359 651 2408 pa&0,
670 2368 773 2406 atque
782 2359 871 2394 adeo
885 2358 967 2393 cum
981 2366 1107 2392 terram
1123 2355 1341 2395 concutiunt,
1350 2355 1558 2391 concutiunt
1571 2354 1662 2399 illam
1671 2355 1724 2393 vel
1734 2357 1774 2393 ab
1783 2358 1916 2395 oriente
1925 2360 1960 2396 in
1969 2372 2033 2400 oc-

318 2410 491 2448 cidentem
500 2432 509 2448 ,
524 2408 577 2445 vel
589 2409 606 2442 a
621 2408 791 2455 septrione
801 2408 835 2443 in
844 2406 1038 2441 meridiem.

422 2457 610 2495 Conclufio
628 2456 785 2492 secunda.
836 2454 985 2490 Plurima
994 2453 1069 2488 sunt
1078 2451 1185 2500 ligna,
1201 2463 1276 2500 quae
1284 2452 1934 2500 futurumpraenuntiantterraemotum.
1960 2456 2036 2493 Pri..
2072 2486 2073 2489 ,

320 2521 418 2544 mum
435 2507 500 2546 est,
522 2517 647 2553 magna
660 2505 695 2540 ὅ(
709 2502 1041 2551 intempestivaab‘ris
1055 2500 1295 2548 tranquillitas,
1311 2500 1390 2547 quia
1404 2509 1478 2535 tota
1485 2510 1670 2536 ventorum
1679 2502 1821 2537 materia
1830 2503 1884 2540 vel
1894 2515 1936 2540 ex
1943 2514 2036 2543 terra
2069 2527 2073 2543 5

320 2559 482 2593 nondum
498 2553 623 2603 egressa
633 2552 696 2593 est,
713 2552 766 2588 vel
777 2554 811 2588 in
820 2563 917 2588 terrae
933 2551 1147 2600 profundum
1163 2550 1196 2584 se
1206 2549 1335 2596 recepit
1347 2572 1357 2588 ,
1372 2548 1407 2584 ὅ(
1418 2549 1505 2584 intra
1513 2549 1637 2586 viscera
1651 2549 1737 2585 illius
1753 2550 1866 2599 serpit..
1912 2553 2036 2590 Refer,
2070 2555 2072 2570 ³

320 2616 377 2642 tur
390 2607 408 2641 a
423 2605 553 2639 Seneca
569 2602 626 2637 lib.
642 2604 672 2639 6.
687 2611 798 2636 natur.
812 2601 926 2649 quaest.
942 2612 971 2637 c.
985 2612 1029 2635 12.
1054 2608 1134 2633 ante
1153 2607 1390 2633 terraemotum
1406 2620 1417 2637 ‚
1441 2597 1500 2645 qui
1516 2607 1675 2644 tempore
1690 2599 1842 2635 Neronis
1864 2600 2032 2640 concuffit
2070 2588 2073 2636 l

322 2653 550 2701 Campaniam
561 2673 571 2690 ,
587 2649 703 2685 multis
718 2650 838 2685 diebus
854 2649 1067 2684 serenitatem
1083 2645 1188 2681 fuisse.
1238 2646 1438 2683 Secundum
1454 2645 1517 2685 est,
1527 2645 1612 2681 lia'er
1621 2646 1719 2681 solito
1729 2646 2031 2697 estfrigidior,ori-
2070 2653 2072 2659 '

321 2713 377 2739 tur
385 2702 478 2738 enim
492 2701 562 2735 hoc
571 2699 675 2747 frigus
692 2710 734 2733 ex
748 2710 790 2733 eo
800 2721 810 2738 ,
827 2698 924 2745 quod
939 2695 1127 2734 exhalatio,
1141 2705 1216 2742 quae
1233 2694 1288 2730 sust
1302 2705 1422 2729 natura
1439 2693 1486 2728 est
1502 2693 1609 2729 calida
1622 2717 1633 2735 ,
1650 2695 1757 2743 serpat
1770 2708 1831 2744 per
1846 2709 1951 2734 venas
1966 2709 2031 2736 ter-

321 2763 384 2790 rae,
399 2760 502 2798 atque
517 2749 605 2784 adeo
622 2753 678 2782 a'e'r
699 2746 877 2781 destitutus
895 2745 1011 2781 calidis
1025 2742 1299 2780 exhalationibus
1314 2742 1553 2790 intempestive
1566 2742 1710 2791 frigefit,
1731 2744 1749 2778 a
1766 2757 1832 2792 qua
1847 2746 2036 2794 frigiditate

323 2800 426 2835 etiam
441 2808 530 2833 terra
544 2796 689 2843 amplius
703 2794 963 2842 constringitur,
979 2803 1175 2839 nevapores
1186 2800 1379 2839 erumpant.
1429 2791 1587 2826 Tertium
1603 2791 1650 2826 est
1664 2793 1835 2829 nubecula
1847 2796 1977 2837 tenuis,
1993 2796 2030 2833 &

322 2849 358 2884 in
366 2848 513 2882 modum
529 2845 624 2880 lineae
634 2843 733 2879 reclae
748 2843 899 2891 oblonga
910 2842 944 2877 ὅ(
953 2842 1042 2881 alba,
1057 2851 1166 2887 eaque
1178 2849 1237 2875 aut
1251 2840 1398 2875 interdiu
1414 2862 1424 2879 ,
1447 2849 1506 2874 aut
1517 2840 1666 2876 maxime
1683 2840 1757 2887 post
1770 2841 1857 2878 Solis
1872 2844 2032 2881 occasum

323 2896 445 2931 sereno
462 2893 555 2929 coelo
571 2901 721 2940 apparet.
773 2891 874 2926 Ratio
893 2889 959 2930 est,
975 2890 1056 2925 cum
1067 2888 1198 2925 coelum
1213 2888 1324 2924 ventis
1341 2888 1376 2924 ὅ(
1390 2888 1593 2935 vaporibus,
1609 2888 1667 2935 qui
1685 2888 1866 2925 liintnubis
1881 2893 2031 2933 materia,
2069 2927 2070 2932 ,

322 2953 438 2983 vacet,
453 2941 624 2978 nubecula
639 2940 831 2975 admodum
846 2938 937 2974 resta
949 2961 959 2978 ,
973 2937 1156 2984 tenuisque
1170 2936 1392 2984 relinquitur,
1408 2936 1625 2984 proindeque
1639 2937 1758 2972 omnia
1773 2940 1952 2987 tranquilla
1967 2939 2032 2978 effe

324 2992 470 3030 indicat,
484 2989 611 3026 cunCm
622 2989 710 3024 intra
725 2998 849 3023 terram
860 2987 982 3026 halitu,
998 2985 1150 3033 flatuque
1158 2985 1327 3021 cohibito.
1377 2985 1654 3020 Advertetamen
1665 2996 1864 3022 enumerata
1873 2988 2030 3037 trialigna

324 3051 398 3075 non
417 3038 547 3086 semper
559 3061 569 3078 ,
590 3047 646 3072 aut
661 3036 866 3085 plerumque
883 3035 1239 3082 sequiterraemotum,
1255 3033 1337 3069 cum
1353 3031 1523 3081 saepissinie
1537 3033 1719 3070 videantur
1731 3034 1807 3071 talia
1825 3035 1930 3077 ligna,
1947 3039 2036 3086 quin,

322 3096 539 3128 terraemotus
559 3085 797 3133 l'ublequatur3
822 3084 897 3119 sunt
917 3095 1002 3132 ergo
1015 3082 1105 3131 figna
1120 3105 1130 3123 ,
1146 3093 1221 3130 quat
1235 3104 1245 3123 ,
1267 3094 1348 3119 cum
1367 3090 1584 3119 terraemotus
1598 3080 1637 3118 fit
1651 3104 1661 3124 ,
1683 3074 1888 3134 plerumque
1908 3096 2029 3137 pra—ce.

1936 3135 2029 3176 dunt,
2049 3153 2056 3158 ·
