2087 3610
346 261 439 313 288
908 286 911 291 r
1008 252 1369 327 Meteorologia

351 341 479 364 novem
489 340 672 365 aureorum
683 329 786 365 millia
794 331 1069 377 computabatur.
1081 334 1211 380 Majolus
1218 333 1252 366 de
1259 334 1392 366 Metallts
1399 333 1456 366 coll.
1467 345 1504 369 19.
1513 332 1577 368 His
1586 332 1708 368 merito
1716 342 1779 379 pro
1788 328 1932 368 clausula
1940 331 2058 380 prima:

351 381 452 424 partis
462 378 575 424 quaest.
583 382 631 412 'ad
638 381 750 413 denda
767 380 838 413 auri
846 379 881 414 ὅ(
891 380 1022 426 argenti
1032 383 1049 413 a
1059 380 1191 415 Davide
1209 392 1272 427 pro
1283 381 1401 428 templi
1411 381 1535 417 fabrica
1546 382 1717 428 congesta,
1728 392 1853 428 nempe
1863 391 2004 416 centum
2016 391 2056 414 0-

351 425 408 460 c‘to
423 426 525 460 millia
535 426 743 461 talentorum
759 427 829 460 auri
848 428 1091 474 ;al·gentivero
1111 428 1225 462 decies
1242 438 1389 463 centena
1405 428 1524 467 millia,
1540 426 1814 474 &septendecim
1836 429 1939 463 millia
1947 428 2056 463 talen-

351 484 466 508 torum
485 486 558 521 quae
574 476 703 509 iumma
706 472 804 520 juxta
813 475 1010 510 Romanum
1026 485 1233 522 computum
1249 476 1438 513 conficient
1452 499 1462 517 ‚
1478 476 1562 511 teste
1573 478 1695 511 Bai-on.
1712 478 1746 511 in
1755 476 1964 514 Nat.Mirac.
1979 487 2057 510 area

349 534 391 559 η.
406 522 438 568 ς).
450 536 482 567 4.
501 523 571 557 auri
590 523 713 557 scilicet
731 522 909 557 sexcentos
926 533 993 557 tres
1011 522 1183 558 milliones
1197 535 1399 564 aureorum,
1414 524 1547 571 insuper
1562 524 1761 569 octingenta
1781 523 2055 564 duodecimmil·

349 569 390 604 lia
405 581 579 605 trecentos
593 570 762 618 sexaginta
777 570 930 617 quinque
943 583 955 616 ;
969 571 1100 619 argenti
1119 582 1205 606 vero
1220 571 1315 607 mille
1332 573 1503 608 ducentos
1517 571 1600 608 oe'co
1616 562 1787 608 milliones
1800 595 1811 613 ,
1832 577 1973 608 centum
1990 572 2054 607 [ιό-

348 620 486 666 naginta
502 618 555 653 sex
571 618 673 652 millia
687 629 883 652 aureorum.
1470 648 1474 652 .
1489 630 1490 633 ¹

443 665 633 702 Conclusio
655 675 783 712 quarta.
840 669 1033 714 Argentum
1053 666 1170 702 vivum
1195 667 1307 702 latinis
1324 667 1369 702 ob
1385 666 1612 703 mobilitatem
1627 690 1637 707 ,
1660 668 1906 717 hydrargyrum
1922 666 2052 703 Graecis

346 714 436 762 quafi
451 726 598 761 aqueum
614 724 793 761 argentum
810 716 856 749 ob
871 713 1071 750 fluiditatem
1087 715 1220 750 dicitur.
1271 716 1365 750 Bene
1381 714 1577 751 describitur
1588 716 1795 750 aiKt‘rcherotn
1804 715 2049 762 Mundfiaebterr.

347 765 466 798 &Arte
474 765 580 809 Asagn.
598 763 694 809 quod
712 762 749 796 sit
763 762 875 808 liquor
891 763 1063 797 mineralis
1078 774 1120 798 ex
1135 775 1223 810 aqua
1238 763 1408 797 metallica
1423 763 1587 804 viscidus,
1601 773 1748 804 terreus,
1764 764 1922 812 sulphure
1931 763 2050 799 exatte

346 820 570 855 contempera
578 820 649 849 tiis,
661 809 844 857 spiritosus,
854 811 1014 858 fri-gidus,
1028 811 1211 850 humidus,
1227 810 1322 846 albus
1338 811 1557 846 inmanifesto
1573 826 1582 847 ι
1598 812 1726 847 calidus
1740 824 1842 852 vero,
1857 812 1978 852 siccus,
1991 823 2049 851 ru-

344 860 446 896 bens,
463 858 497 893 ἃ
513 857 755 895 ornnieolorin
765 860 1088 906 occulto,penetrat
1102 859 1803 908 metalla,quibusadliaeretintimeoeaque
1812 859 1958 898 resolvit.
1975 861 2049 895 Un—

344 907 415 941 dea
429 906 540 941 Plinio
557 907 681 941 dicitur
695 917 809 940 rerum
824 907 982 941 omnium
996 918 1182 946 venenum,
1192 909 1233 942 ab
1242 907 1312 942 aliis
1329 919 1411 942 vero
1427 907 1646 943 metallorum
1663 908 1844 955 Tyrannus
1856 930 1867 948 ‚
1882 909 1929 943 ob
1942 918 2049 955 quam

344 955 476 991 causam
487 954 566 988 vasss
582 954 694 988 vitreis
706 955 868 993 securius,
884 967 986 1002 quam
997 955 1179 990 metallinis
1194 955 1391 993 includitur,
1420 956 1732 1003 Quemadmodum
1750 958 1842 992 enim
1854 957 2047 1003 aquachar-

342 1013 412 1038 ram
422 1025 430 1041 2
446 1015 548 1050 quam
567 1001 759 1041 bumefilat,
767 1012 944 1037 attenuato
954 1002 1086 1051 glutine
1096 1003 1258 1042 dissolvit,
1269 1004 1312 1038 ita
1321 1003 1514 1039 Mercurius
1523 1015 1709 1052 corporum
1721 1005 1973 1040 metallicorum
1984 1014 2046 1038 ne-

343 1062 437 1088 xum.
490 1052 599 1085 Mirus
614 1050 660 1085 est
675 1051 776 1085 etiam
790 1049 861 1096 ejus
876 1052 918 1085 ad
926 1063 1045 1086 aurum
1061 1050 1209 1086 accessus
1224 1064 1235 1096 ;
1251 1064 1329 1086 nam
1346 1051 1365 1086 fi
1381 1051 1549 1101 supposito
1565 1052 1646 1100 igne
1660 1052 1715 1088 ille
1733 1053 1948 1100 permittatur
1963 1063 2046 1086 avo-

341 1099 425 1138 lare,
441 1099 476 1134 &
492 1099 731 1146 inpropinquo
745 1099 780 1133 lit
796 1099 969 1146 quippiam
980 1100 1062 1139 auri,
1073 1099 1151 1134 licet
1167 1101 1242 1134 arca
1250 1099 1425 1134 occlusum
1436 1123 1445 1140 ‚
1457 1100 1732 1148 Mercurius,qui
1749 1100 1961 1140 sublimatur,
1970 1111 2046 1135 non

342 1147 411 1182 abit
425 1146 514 1183 resta
530 1148 685 1186 inauras,
703 1147 758 1181 sed
773 1148 910 1185 divertit
918 1148 960 1182 ad
970 1159 1089 1182 aurum
1100 1147 1282 1194 repofitum
1292 1170 1301 1186 ‚
1316 1147 1749 1195 sesequeindlludiniir-ruat.
1799 1147 2045 1184 Graviffimum

342 1196 500 1231 omnium
518 1194 563 1229 est
577 1194 651 1243 post
665 1206 805 1234 aurum,
823 1196 904 1230 cum
921 1196 1038 1230 omnia
1054 1195 1182 1239 reliqua
1197 1195 1331 1231 metalla
1347 1196 1458 1231 eidem
1467 1197 1559 1231 haud
1577 1197 1669 1232 secus
1687 1209 1789 1244 quam
1801 1197 1958 1232 s'ubereus
1966 1207 2045 1231 cor-

334 1254 397 1278 ·tex
409 1255 501 1290 aquae
519 1244 670 1279 innatare
684 1242 823 1278 soleant.
875 1243 975 1278 Ratio
991 1244 1106 1278 autem
1122 1242 1225 1290 hujus
1242 1243 1308 1283 est,
1323 1244 1402 1291 quia
1410 1243 1516 1279 multa
1526 1246 1614 1280 terra
1623 1245 1771 1285 constat,
1787 1245 1969 1291 multoque
1979 1245 2044 1279 hu-

341 1304 438 1326 more
447 1314 457 1330 ,
475 1303 515 1326 ex
524 1303 594 1338 quo
604 1304 671 1326 una
681 1290 716 1326 ὃ(
726 1290 797 1337 ejus
806 1291 974 1338 liquiditas
983 1291 1164 1340 colligitur.
1215 1293 1302 1327 Non
1318 1292 1495 1333 humed‘tat
1510 1302 1624 1327 tamen
1642 1316 1652 1329 2
1670 1293 1739 1327 esto
1748 1305 1852 1327 manu
1862 1292 2045 1338 tractetur3

339 1342 417 1388 quia
429 1340 506 1375 licet
521 1339 566 1375 illi
584 1339 712 1374 multus
727 1339 801 1374 insit
816 1341 945 1375 humor
956 1363 966 1380 ‚
981 1340 1041 1375 illae
1050 1350 1166 1375 tamen
1175 1340 1346 1388 particulae
1355 1342 1444 1375 adeo
1453 1341 1572 1375 terreis
1583 1341 1737 1389 implexae
1748 1341 1821 1376 sunt
1830 1363 1839 1381 ,
1850 1351 1888 1375 ut
1895 1341 1983 1375 abiis
1993 1341 2041 1376 se-

336 1385 443 1435 parari
454 1400 523 1422 non
537 1385 681 1435 poffint3
690 1389 824 1436 nigrum
834 1398 951 1423 tamen
962 1388 1064 1423 veluti
1077 1388 1266 1435 squalorem
1276 1389 1401 1436 egerit,
1410 1390 1505 1423 unde
1514 1388 1587 1425 vasa
1596 1391 1806 1436 quandoque
1816 1389 2041 1424 humidared-

339 1438 487 1481 duntur3
496 1436 530 1471 ὅ(
540 1435 731 1471 velutivelo
745 1438 897 1484 quodam
906 1437 1092 1472 obducitur
1105 1435 1178 1483 ejus
1188 1436 1395 1484 superficies,
1406 1449 1473 1484 qua
1480 1438 1595 1472 amota
1606 1438 1756 1484 splendet
1769 1437 1929 1472 maxime.
1961 1436 2042 1472 Per·

337 1495 440 1531 petua
455 1496 597 1532 quoque
611 1484 656 1519 illi
671 1484 862 1524 mobilitas,
879 1485 956 1532 quia
965 1484 1113 1519 multum
1122 1485 1213 1520 a'erei
1231 1484 1362 1531 spiritus
1372 1485 1531 1525 includit,
1549 1487 1605 1533 qui
1615 1496 1709 1532 parte
1723 1496 1833 1520 terrea
1841 1485 1973 1532 optime
1982 1495 2039 1520 ex-

336 1532 435 1568 cocta
446 1534 488 1567 ita
504 1531 676 1568 detinetur
685 1533 837 1578 captivus
848 1555 857 1572 a
873 1543 911 1568 ut
925 1533 1062 1568 avolare
1071 1544 1144 1572 non
1157 1531 1277 1581 poffit‚
1292 1533 1373 1568 inde
1387 1543 1514 1570 motus.
1567 1534 1661 1569 Hinc
1677 1534 1806 1568 annulo
1817 1533 2039 1568 reconditum

334 1581 559 1616 &admotum
576 1580 689 1616 saltare
703 1581 809 1628 ipsum
825 1581 914 1616 facit.
967 1581 1062 1616 [dem
1079 1582 1268 1631 contingit,
1283 1582 1303 1616 fi
1321 1581 1375 1616 vel
1384 1580 1545 1629 Mercurij
1561 1582 1694 1631 guttula
1702 1593 1826 1630 panem
1841 1582 1877 1616 in
1891 1581 2039 1623 clibano,

334 1640 393 1666 aut
411 1629 519 1676 ipsain
534 1629 599 1663 olla
609 1628 662 1665 vel
681 1640 747 1664 ova
761 1630 802 1664 ad
815 1630 931 1676 ignem
947 1630 1100 1677 attingat.

430 1678 496 1712 'His
510 1677 772 1726 proprietatibus
781 1677 815 1712 &
831 1678 1007 1724 sequentes
1015 1676 1114 1723 adjici
1122 1675 1270 1725 possunt.
1321 1677 1514 1713 Mercurius
1531 1690 1615 1713 auro
1626 1678 1835 1713 commixtus
1844 1676 1943 1712 instar
1951 1688 2038 1713 cerae

332 1725 476 1760 mollem
491 1728 569 1762 satit
582 1724 719 1760 massam
734 1748 744 1765 ,
758 1737 824 1774 qua
840 1726 929 1761 illitae
945 1727 1036 1772 prius
1050 1726 1183 1760 lamina:
1200 1726 1393 1760 inaurandae
1411 1727 1498 1773 ignis
1512 1738 1581 1773 ope
1594 1738 1715 1761 autum
1732 1727 1776 1761 ita
1791 1726 1830 1760 iis
1845 1726 1962 1772 unitur
1973 1748 1984 1766 ‚
1997 1734 2038 1761 ut

332 1775 389 1809 vix
403 1773 470 1809 ulla
480 1785 554 1810 arte
567 1774 713 1821 amplius
729 1774 866 1820 separari
883 1772 1003 1821 poffirg
1017 1774 1084 1819 ipse
1098 1776 1191 1808 enim
1210 1775 1265 1810 ubi
1278 1775 1392 1823 ignem
1405 1775 1521 1813 sentit,
1537 1786 1623 1810 mox
1639 1775 1673 1809 in
1691 1785 1786 1809 auras
1795 1773 1938 1822 exspirat
1951 1773 2036 1808 hali-

328 1822 432 1857 tuost)
447 1823 564 1861 sumo,
579 1823 638 1870 qui
654 1822 675 1856 fi
684 1822 758 1856 vase
766 1823 990 1869 recipiatur&
1002 1821 1229 1861 custodiatur,
1240 1823 1272 1857 in
1282 1824 1432 1869 priorem
1440 1824 1570 1871 argenti
1579 1822 1682 1870 paulo
1691 1822 1766 1870 post
1779 1823 1867 1857 redit
1877 1822 2035 1870 speciem,

333 1883 399 1905 nce
414 1871 597 1919 quicquam
614 1870 740 1918 pristini
750 1871 940 1905 detrahitur
948 1871 1120 1918 ponderis
1172 1871 1280 1905 Miros
1291 1871 1413 1918 pariter
1423 1871 1557 1905 colores
1568 1871 1722 1910 exhibet,
1731 1871 1813 1905 dum
1823 1868 1968 1905 flammae
1976 1872 2033 1905 ad-

333 1929 503 1957 movetur,
555 1918 783 1954 Observatum
801 1919 903 1953 etiam
918 1941 928 1958 ,
944 1919 1040 1966 quod
1056 1919 1074 1953 li
1086 1920 1195 1953 vitreo
1208 1941 1218 1958 ,
1240 1919 1294 1953 vel
1312 1919 1447 1964 lapideo
1462 1918 1537 1954 vale
1554 1918 1764 1959 coar-netur,
1779 1920 1825 1954 ita
1840 1927 1877 1953 ut
1885 1918 2031 1953 admoto

327 1968 411 2015 igue
426 1967 586 2014 respirare
595 1979 667 2001 non
682 1967 791 2002 valeat
799 1989 808 2006 ‚
826 1978 884 2003 vas
893 1967 1078 2014 pertringat
1093 1966 1191 2002 instar
1199 1967 1345 2014 pulveris
1354 1967 1456 2014 pyrei.
1507 1967 1659 2015 Frigidus
1670 1977 1784 2002 tamen
1793 1975 1912 2002 natura
1922 1966 1976 2002 sua
1984 1966 2033 2002 est

328 2016 558 2064 potiusquam
568 2015 713 2054 calidus,
731 2025 769 2050 ut
784 2017 872 2051 bene
886 2017 991 2051 docet
1006 2016 1210 2050 Honoratus
1226 2016 1317 2050 Fabri
1332 2038 1343 2055 ‚
1357 2027 1437 2050 cum
1452 2015 1547 2050 nullo
1557 2017 1637 2065 igne
1650 2038 1660 2055 ,
1685 2016 1739 2050 led
1759 2014 1866 2050 subtili
1882 2016 2034 2050 humore

331 2064 476 2099 constet.
528 2064 568 2099 Et
584 2063 640 2098 etii
661 2062 876 2099 sublimatum
891 2064 926 2098 vi
941 2064 1110 2099 corrofiva
1126 2064 1268 2110 pollent,
1292 2064 1360 2099 boc
1377 2074 1492 2098 tamen
1506 2075 1577 2098 non
1590 2064 1763 2099 Mercurio
1777 2086 1788 2103 ,
1801 2063 1858 2098 sed
1874 2063 2032 2099 admixtis

326 2111 537 2155 corpusculis
551 2111 687 2148 attribui
700 2113 815 2147 debet.
867 2112 976 2157 Quod
992 2110 1177 2147 confirmat
1190 2112 1356 2145 Adatlm·0lus
1367 2113 1384 2148 l,
1394 2121 1504 2149 (ᾕρεε.
1514 2112 1673 2159 exemplo
1684 2111 1903 2147 febricitantis
1917 2111 2030 2159 Sepla.

328 2159 428 2206 simii,
447 2161 502 2207 qui
514 2160 596 2194 litim
614 2160 670 2195 fibi
685 2159 805 2197 volens
815 2159 1046 2209 exstinguere,
1056 2161 1212 2195 incautus
1224 2160 1434 2195 Mercurium
1449 2160 1532 2195 bibit
1545 2183 1555 2200 ‚
1568 2160 1604 2195 ὅ(
1619 2171 1742 2208 paucas
1757 2159 1831 2207 post
1843 2161 1945 2194 horas
1960 2159 2031 2195 san-

330 2248 334 2256 ,
356 2210 435 2243 uiue
447 2209 479 2242 in
495 2208 690 2256 praecordiis
700 2208 885 2256 congelato
895 2209 1034 2246 interiit.
1085 2208 1198 2243 Mauri
1214 2209 1313 2243 etiam
1324 2210 1422 2247 ,cum
1432 2210 1553 2243 ardore
1563 2208 1637 2243 solis
1652 2209 1770 2242 omrfi'a
1785 2217 1977 2248 torrentur,
1992 2207 2029 2243 id

327 2256 364 2292 'in
380 2256 507 2291 leetum
523 2256 726 2295 effundunt,
741 2267 844 2303 atque
859 2255 987 2303 inje&0
1005 2257 1102 2292 corio
1117 2257 1327 2304 super-ipsum
1338 2257 1423 2291 sirati
1438 2255 1470 2291 se
1482 2257 1691 2304 refrigerant.
1739 2254 1902 2303 Jonstomts.

463 2316 578 2341 uaeres.
629 2306 753 2340 Utrum
768 2305 961 2339 Mercurius
973 2305 1087 2352 aliquo
1108 2305 1218 2339 modo
1234 2304 1271 2340 iit
1289 2304 1577 2351 incorruptibilis?
1600 2305 1804 2350 Respondeo
1826 2302 2027 2340 affirmative

326 2365 408 2391 cum
418 2352 454 2389 P.
465 2354 651 2388 Honorato
669 2353 760 2387 Fabri
770 2352 865 2388 transt.
875 2365 912 2389 11.
928 2352 987 2388 l.2.
999 2356 1043 2388 de
1056 2352 1217 2392 metallis,
1234 2366 1312 2388 nam
1329 2352 1409 2388 licet
1422 2354 1547 2388 mixtus
1560 2353 1698 2388 vitriolo
1716 2353 1752 2388 <Sc
1769 2353 1832 2387 lale
1845 2353 2027 2388 communi

324 2401 568 2438 sublimeturin
578 2400 728 2448 spumam
745 2401 873 2441 albam,
889 2412 964 2448 quae
974 2400 1021 2436 est
1029 2400 1302 2436 antonomastice
1312 2401 1526 2436 sublimatum
1538 2400 1658 2436 efficax
1666 2412 1859 2441 venenum,
1872 2400 1907 2436 ὅ(
1921 2401 2027 2436 maxi-

326 2451 383 2484 me
398 2450 627 2493 corrosivum3
643 2449 750 2496 ipsum
759 2459 876 2484 tamen
893 2449 1108 2484 sublimatum
1124 2449 1314 2484 admixtum
1332 2450 1415 2484 calci
1425 2450 1525 2489 vivae‚
1541 2449 1730 2485 &inditum
1741 2459 1895 2488 retortae,
1908 2449 1950 2484 ad
1959 2449 2026 2497 pri-

325 2498 449 2532 stinum
467 2498 587 2532 statum
598 2496 761 2543 Mercurij
778 2497 973 2534 restituitur.
1023 2497 1152 2532 Pariter
1167 2498 1237 2532 hoc
1254 2498 1443 2543 contingit,
1460 2497 1480 2532 fi
1497 2498 1725 2545 praecipitetur
1736 2498 1926 2532 Mercurius
1939 2498 2026 2543 mixf

326 2557 380 2582 tus
398 2546 478 2581 oleo
495 2545 635 2581 Vitrioli
647 2569 657 2585 ³
672 2545 778 2581 affuso
795 2547 887 2581 enim
904 2546 966 2580 sale
980 2545 1109 2580 Tartari
1127 2545 1237 2580 soluto
1252 2557 1311 2592 per
1320 2546 1509 2593 deliquium
1522 2568 1533 2586 ,
1547 2557 1584 2581 ut
1598 2555 1748 2585 vocant,
1762 2546 1850 2580 redit
1864 2544 1972 2579 rursus
1987 2546 2024 2581 in

322 2606 459 2630 merum
471 2594 693 2631 Mercurium.
745 2594 839 2630 Hinc
855 2593 1013 2642 colliges,
1028 2594 1111 2641 quid
1128 2594 1341 2628 sentiendum
1359 2596 1402 2628 de
1417 2605 1460 2628 eo
1473 2617 1483 2634 ,
1502 2595 1598 2641 quod
1615 2594 1724 2629 scribit
1732 2597 1815 2627 Picus
1827 2594 2023 2627 Mirandula-

320 2656 377 2677 nus
386 2665 396 2682 ‚
410 2642 463 2677 sua
472 2652 570 2677 aetate
579 2641 767 2691 contigisse,
781 2653 909 2690 nempe
917 2643 1012 2689 quod
1021 2652 1200 2691 argentum
1210 2644 1326 2677 vivum
1336 2654 1416 2677 cum
1425 2642 1595 2690 plerisque
1604 2642 1782 2681 aliisrebus
1791 2653 1852 2690 pro
1861 2642 1940 2689 equi
1949 2653 2022 2678 me-

327 2691 439 2727 dicina
453 2693 678 2738 permixtum,
695 2692 729 2724 in
745 2703 869 2737 purum
879 2700 1058 2737 argentum
1073 2691 1173 2725 fuerit
1181 2701 1457 2729 transmutatum.

417 2738 604 2774 Conclusio
614 2739 743 2786 quinta.
795 2738 880 2773 usus
896 2738 969 2786 ejus
977 2739 1086 2773 varius
1097 2738 1154 2775 est.
1204 2742 1320 2785 Aqua,
1331 2739 1363 2772 in
1373 2749 1474 2785 quam
1485 2738 1691 2788 argentivivi
1708 2737 1812 2773 infusa
1826 2737 1929 2772 fuerit
1941 2748 2021 2785 por-

317 2788 367 2822 tio
379 2810 388 2825 ,
399 2788 419 2821 si
437 2789 477 2821 ab
487 2799 529 2821 eo
540 2786 661 2822 caelaba
677 2787 828 2826 bibatur,
844 2787 1030 2822 lumbricos
1045 2786 1188 2822 mirifice
1203 2787 1306 2834 pellit.
1339 2786 1494 2831 Joalionus.
1544 2787 1715 2822 Avellanae
1725 2787 2020 2832 perforamenim-

319 2834 455 2870 missum
471 2835 508 2870 ὅ(
524 2835 720 2873 occlusum,
736 2835 1027 2882 sericoquerubeo
1048 2836 1065 2869 a
1080 2834 1172 2870 collo
1192 2834 1381 2882 suspensum
1398 2835 1515 2882 apeste
1529 2836 1893 2884 praeservat.Qrcetan.
1906 2835 2018 2881 Lape-

308 2883 358 2929 sti.
378 2885 451 2919 alex,
463 2897 486 2916 c.
494 2896 521 2921 5.
533 2883 551 2917 ii
567 2895 651 2918 vero
668 2883 812 2930 appensa
821 2893 975 2919 ventrem
991 2893 1125 2932 tangat,
1140 2884 1182 2918 ad
1196 2883 1412 2918 curationem
1421 2883 1538 2919 colicae
1553 2882 1759 2931 singulariter
1771 2883 1928 2918 conferre
1942 2881 2018 2917 scri·

316 2932 378 2968 bit,
388 2933 490 2965 Platcr.
501 2931 535 2964 dc
544 2933 609 2966 Do).
623 2944 683 2979 cap.
694 2943 727 2976 13.
744 2931 833 2967 valet
847 2943 930 2966 vero
944 2931 1125 2978 praesertim
1134 2941 1255 2966 contra
1270 2932 1362 2966 luem
1371 2942 1570 2970 veneream,
1579 2932 1676 2978 quod
1685 2930 1808 2966 scilicet
1822 2930 1911 2965 laxet
1924 2941 2015 2965 mea-

316 2989 390 3018 tus,
408 2980 531 3026 quibus
548 2979 674 3014 deinde
691 2992 772 3015 cum
783 2980 919 3026 pituita,
936 2979 1277 3027 leupblegmatelues
1289 2980 1342 3015 illa
1357 2979 1513 3027 erumpit.
1552 2980 1682 3014 Mirum
1696 2978 1863 3026 est,quod
1875 2978 2016 3014 Lemni-

319 3027 387 3062 usl.
401 3041 429 3061 2.
440 3029 482 3062 de
499 3029 615 3064 occult
637 3040 708 3076 cap.
719 3039 757 3073 35,
768 3028 872 3063 refert
886 3041 895 3062 ι
909 3030 1032 3062 morbo
1052 3025 1187 3063 Gallico
1202 3028 1347 3063 infectus
1362 3050 1372 3067 7
1390 3027 1409 3062 si
1425 3039 1566 3063 aureum
1584 3028 1618 3061 in
1632 3039 1693 3062 ore
1733 3023 1815 3062 estet
1831 3026 2014 3067 annulum,

319 3075 562 3124 linguaq3hinc
573 3076 652 3112 inde
667 3076 818 3114 volutet,
828 3086 1008 3123 argentum
1019 3078 1134 3110 vivum
1144 3099 1154 3115 ,
1169 3077 1263 3122 quod
1275 3076 1413 3122 corpori
1429 3077 1575 3114 innatat,
1585 3040 1792 3110 inannffium
1808 3075 2014 3115 devolvitur,

318 3132 501 3173 argenteus
509 3124 803 3162 eximitur-,nitenti
814 3125 881 3171 igni
890 3125 1050 3159 admotus
1060 3124 1170 3160 suerit.
1182 3124 1443 3159 Observandum
1453 3123 1784 3159 tamenMercurium
1794 3123 1829 3159 ὅ(
1837 3133 2011 3160 venenum

315 3172 470 3209 humano
479 3173 617 3220 corpori
629 3171 706 3212 effe,
715 3172 735 3207 ii
745 3174 775 3207 ei
785 3174 818 3207 in
827 3171 968 3207 notabili
978 3173 1166 3220 quantitate
1174 3172 1352 3212 inmittatur,
1361 3184 1434 3207 non
1442 3173 1581 3219 quidem
1591 3171 1649 3207 suo
1657 3172 2010 3255 pondere,utquic}am

1871 3231 1936 3256 cen
1951 3225 2006 3256 ent
