2087 3610
651 231 1218 304 Philosoph1co-Poht1ca.
1708 252 1800 305 225·

168 314 382 351 Undecimus
400 313 545 350 effeetus
561 311 619 348 est.
671 313 783 361 Qod
802 312 987 360 aliquando
1004 324 1096 349 mare
1104 323 1200 348 terrae
1210 320 1327 347 motus
1341 319 1501 357 tempore
1517 310 1656 348 alittore
1671 324 1794 360 praeter

71 362 268 399 consuetam
279 374 405 398 naturae
422 364 533 411 legem
549 364 764 400 retrocedat,
779 373 819 397 ac
827 362 945 397 denuo
963 361 1123 396 ferociori
1137 372 1301 407 aquarum
1317 360 1447 406 impetu
1465 361 1592 394 redeat.
1643 362 1791 397 (inulam

68 410 136 447 effe
149 422 243 450 reor,
258 413 354 458 quod
364 413 463 446 maris
473 407 676 456 fundusjam
687 419 784 444 terrae
801 420 900 445 motu
920 410 1150 457 deprimatur,
1160 407 1233 456 jam
1251 408 1362 442 rursus
1374 407 1406 441 in
1417 406 1686 453 altumjat'tetur.
1736 412 1794 446 Sic

67 471 160 495 anno
170 460 294 494 Christi
306 461 367 503 365.
380 459 523 496 Calend.
538 457 685 504 Augusti
699 470 793 493 mare
809 457 997 505 dispulsum
1008 458 1173 493 revolutis
1183 455 1342 491 fluetibus
1358 464 1448 491 retro
1456 456 1551 494 abiit,
1562 466 1599 490 ut
1607 458 1744 492 vallium
1754 458 1791 494 ὅ(

67 508 241 544 montium
253 507 420 543 vastitates
431 507 531 542 radiis
540 497 628 542 Solis
641 505 896 546 illustrarentur,
949 506 1069 540 Multis
1084 516 1201 542 autem
1214 505 1357 539 navibus
1373 514 1433 550 per
1445 504 1615 538 undarum
1631 506 1790 553 reliquias

68 557 110 592 ad
123 555 309 603 capiendos
319 555 424 603 pisces
436 555 527 591 ultro
537 578 548 595 ,
565 555 722 602 citroque
731 554 933 604 vagantibus
945 565 986 588 ex
998 553 1182 602 improviso
1193 553 1346 600 antiquas
1359 552 1449 587 sedes
1466 553 1568 586 unda:
1586 554 1724 588 marin-x
1738 567 1790 590 rc-

67 604 274 654 petiverunt.
333 605 417 653 Qo
435 603 526 640 fafito
535 603 647 639 insulis
662 603 698 638 ὅ(
713 601 863 650 ροηεᾶἰ
876 603 1088 638 continentis
1106 601 1215 649 spatiis
1232 601 1402 636 violenter
1413 599 1499 634 illiti-e
1522 601 1702 636 innumera
1718 603 1792 637 ubi-

71 664 136 702 que
149 651 289 688 aedificia
302 654 494 689 obruerunt
511 675 522 692 ,
536 651 572 688 <St
589 651 697 687 multa
717 651 902 688 hominum
919 650 1022 686 millia
1038 648 1368 698 absumpseruntipsa
1382 649 1517 696 navigia
1532 649 1653 696 partim
1669 650 1704 687 in
1719 650 1792 685 cul-

11 719 13 725 *
68 701 158 739 mina
169 699 360 741 tectorum,
374 702 496 749 partim
513 701 618 748 longe
626 701 651 738 a
668 699 785 735 littore
799 698 1043 748 propulsando,
1059 697 1286 747 Sigoniuslib.
1296 709 1328 743 7.
1340 697 1425 744 lmp.
1437 696 1628 733 Occident.

163 749 408 785 Duodecimus
424 750 568 785 demum
584 747 727 784 effecius
745 748 801 786 est.
854 744 1040 795 Saepiffime
1053 747 1129 795 post
1145 756 1362 782 terraemotus
1378 745 1570 792 pestilentes
1582 746 1693 780 morbi
1704 757 1790 781 con-

66 796 263 846 sequuntur.
314 796 426 845 Cujus
437 798 522 833 ratio
531 797 595 837 est,
603 798 682 845 quia
692 807 945 844 nonnunquam
961 795 1086 831 halitus
1100 796 1242 843 quidam
1258 794 1430 843 putridi&
1439 795 1601 829 venenati
1611 805 1652 829 ex
1662 795 1790 830 diutius

64 844 224 888 conclusa
235 845 272 882 ὅ(
289 847 444 882 cohibita
453 858 533 882 aura
551 856 740 894 erumpunt
748 868 758 886 ,
773 845 833 893 qui
843 845 899 880 sua
915 845 1086 880 venenata
1094 843 1258 892 qualitate
1267 848 1380 878 a'e‘rem
1391 840 1549 877 inficiunt
1557 865 1566 882 ,
1576 854 1680 890 quem
1690 843 1788 879 dein-

64 894 109 931 de
122 892 288 930 homines
306 895 503 944 inspirando
519 896 731 930 attrahentes
745 893 844 930 facile
854 892 948 941 peste
961 893 1206 941 corripiuntur.
1257 893 1292 927 N
1297 903 1337 927 ec
1352 894 1462 926 afrem
1472 900 1606 925 tantum
1616 890 1740 925 halitus
1751 892 1788 927 il-

63 942 87 979 li
98 941 257 979 virulenti
269 965 280 983 ,
295 943 545 991 sed&aquam‚
564 944 632 991 qua
647 954 762 979 carere
778 942 982 989 nequimus,
996 941 1175 990 inquinare
1185 940 1305 976 solent.
1373 939 1422 974 Ita
1436 938 1575 974 testatur
1582 941 1713 976 Seneca
1728 940 1786 976 lib.

63 992 96 1029 6.
105 990 221 1040 quaest.
229 1001 297 1029 nat.
307 992 343 1027 in
350 991 562 1039 Pompeiana
571 992 717 1041 regione
728 991 961 1027 sexcentarum
972 991 1093 1025 ovium
1104 1001 1246 1038 gregem
1256 998 1454 1024 terraemotu
1465 988 1698 1022 exanimatum
1707 987 1788 1029 effe,

63 1040 162 1088 qued
176 1051 261 1076 oves
277 1063 287 1080 ,
301 1040 380 1088 quia
394 1040 562 1076 mollioris
583 1039 658 1075 sunt
673 1049 800 1075 naturae
813 1060 823 1079 ,
838 1038 979 1074 &terris
994 1038 1155 1086 propiora
1171 1040 1285 1075 ferunt
1301 1038 1412 1085 capita
1425 1059 1435 1075 ,
1454 1036 1644 1071 virulentos
1660 1037 1786 1072 halitus

59 1088 159 1124 eitius
172 1089 356 1124 attrahant.
413 1092 518 1125 Anno
537 1088 688 1124 conditae
697 1089 818 1123 Rornae
832 1098 893 1132 3¹9.
906 1087 983 1135 post
998 1097 1233 1123 terraemotum
1245 1096 1315 1121 tam
1336 1086 1509 1121 horrenda
1519 1085 1660 1120 invaluit
1672 1085 1785 1132 pestis,

41 1154 46 1161 ·
59 1146 101 1172 ut
108 1147 148 1172 ea
156 1138 199 1172 ad
207 1137 392 1173 triennium
411 1139 619 1185 perdurante
628 1147 755 1182 30000.
769 1136 896 1171 ibidem
907 1136 1058 1172 extineta
1067 1135 1139 1171 lint.
1189 1138 1295 1172 Anno
1304 1140 1384 1188 801..
1393 1145 1464 1181 quo
1475 1133 1579 1169 Caro]
1586 1145 1624 1168 us
1634 1134 1785 1182 Magnus

0 1176 6 1212 ³5
58 1184 205 1240 imperio
222 1186 446 1234 inauguratus
461 1185 509 1221 est
523 1208 534 1225 ,
548 1186 739 1222 vehemens
755 1194 973 1220 terraemotus
991 1184 1201 1232 superiorem
1219 1183 1462 1222 Germaniam,
1475 1182 1511 1217 ὅ(
1528 1182 1682 1229 inprimis
1691 1183 1784 1218 Rhe-

58 1244 98 1289 ,¹¹¹
110 1233 257 1288 traffiim
281 1234 422 1275 afflixit,
438 1246 542 1283 quam
561 1233 688 1269 deinde
697 1233 797 1282 pestis
813 1233 928 1269 secuta
943 1232 1006 1273 est,
1020 1244 1096 1282 quae
1112 1231 1334 1270 Germaniam
1353 1231 1389 1267 ὅ(
1404 1229 1467 1266 alia
1480 1230 1559 1266 loca
1573 1230 1784 1268 horribiliter

57 1275 327 1379 mfestgilgtasrest
349 1332 408 1367 An
425 1340 497 1367 arte
508 1328 581 1366 fieri
595 1326 724 1378 poffint
736 1338 953 1365 terraemotus
977 1328 992 1368 ἳ
1032 1329 1241 1378 Respondeo
1257 1327 1477 1368 affirmative,
1493 1327 1589 1376 quod
1604 1327 1715 1363 eversa
1724 1339 1780 1363 ur-

53 1378 150 1435 bium
160 1379 289 1416 moenia
297 1378 600 1437 &propugnacula
608 1379 672 1414 hac
681 1377 760 1433 belli
768 1378 968 1432 tempastate
977 1389 1037 1425 per
1045 1378 1223 1414 succensos
1232 1376 1603 1460 cuniculosplusqluam
1616 1375 1777 1412 testatum

53 1426 199 1468 faciunt.
249 1427 403 1465 Modum
414 1439 500 1464 vero
509 1428 576 1463 hos
584 1425 797 1463 conficiendi
804 1449 815 1467 ,
822 1427 902 1462 vide
911 1429 1003 1474 apud
1012 1427 1239 1462 Honoratum
1249 1427 1345 1462 Fabri
1359 1434 1431 1461 trae
1448 1451 1456 1460 .
1465 1425 1561 1461 6.11b.
1571 1437 1602 1461 2.
1611 1436 1711 1473 prop.
1726 1436 1777 1471 30.

347 1521 938 1590 CONCLUSIO
981 1522 1481 1588 POLlTICA.

269 1610 415 1680 Sine
433 1614 585 1679 Deo
616 1609 958 1680 hominum
993 1611 1158 1680 vires
1194 1611 1380 1681 nullae
1409 1611 1558 1681 sunt.

159 1710 300 1760 Magnis
314 1711 496 1760 Capitibus
512 1710 690 1747 succollari
698 1712 899 1759 quaerimus,
908 1723 968 1748 aut
976 1713 1120 1761 propriis
1130 1713 1190 1749 alis
1199 1713 1410 1750 confidimus
1419 1713 1547 1751 volare.
1573 1714 1645 1750 Suo
1657 1713 1688 1749 se
1702 1713 1774 1751 scu-

158 1769 198 1795 to
213 1769 291 1806 tuto
309 1771 493 1809 protegere
501 1761 647 1796 credidit
662 1759 816 1796 Achilles
832 1775 842 1797 ι
856 1760 892 1797 ὅ(
908 1762 1042 1797 virtutis
1059 1761 1122 1797 suae
1139 1761 1265 1799 fiducia
1279 1764 1386 1799 fretus
1397 1762 1776 1811 AjaxTelamoniPatri

159 1806 311 1855 objicere
326 1808 373 1843 est
387 1808 504 1844 ausus:
523 1810 554 1844 le
568 1811 699 1857 absque
709 1809 788 1844 Deo
801 1809 940 1845 vincere
954 1809 1060 1857 posse.
1109 1813 1158 1846 At
1173 1812 1231 1847 luo
1240 1811 1467 1847 succumbens
1482 1811 1597 1860 gladio
1605 1809 1709 1859 Ajax,
1725 1813 1773 1847 fa-

49 1857 125 1895 &us
135 1855 183 1893 est
190 1858 339 1892 vetitatis
349 1856 546 1897 instruEtor,
560 1857 723 1905 Euripide
736 1868 883 1894 canente
901 1872 909 1893 :
925 1860 999 1893 Belli
1009 1859 1115 1893 ducem
1136 1873 1189 1893 nec
1201 1863 1269 1894 Diis
1284 1865 1384 1893 snvftis
1398 1866 1526 1897 vincere.
1577 1861 1625 1896 Ex
1640 1859 1772 1897 infinita

53 1906 201 1944 Deitatis
208 1904 323 1952 abysso
339 1905 480 1948 evoluta
490 1905 566 1941 sunt
579 1907 715 1945 omnia,
734 1907 852 1942 omnia
867 1906 912 1942 illi
927 1907 1022 1942 suum
1033 1908 1221 1944 vendicant
1230 1907 1295 1944 css'e
1304 1908 1339 1944 ὃ(
1348 1909 1493 1956 operari.
1545 1908 1684 1948 lisdem,
1693 1910 1769 1957 qui-

47 1954 112 1992 bus
123 1954 309 1990 nascuntur
317 1954 496 1989 cunabulis
511 1953 616 2002 pistes
630 1954 885 1990 &nutriuntun
935 1956 1108 2003 thuibus
1123 1956 1308 2004 aliquando
1325 1957 1464 1992 dorsum
1480 1957 1694 1994 substernunt
1708 1970 1765 1993 na·
1781 1974 1875 2020 Eum),
1905 1977 1939 2009 ah

48 2002 145 2040 vibus
153 2002 275 2042 maria,
291 2003 431 2039 easdem
441 2004 484 2038 ad
499 2002 596 2038 littus
606 2003 778 2039 deferunt.
828 2005 893 2043 At,
909 2004 1053 2039 utfallax
1062 2004 1110 2040 est
1119 2006 1257 2054 pelagus
1267 2029 1277 2046 ,
1294 2005 1562 2053 domesticisque
1574 2006 1764 2041 vorticibus
1779 2002 1938 2059 Erechsshu

48 2050 186 2136 ⁰2⁸⁰!oe
200 2062 351 2099 praeceps
365 2074 376 2092 ,
392 2051 614 2087 subterraneis
631 2052 802 2087 meatibus
817 2063 921 2100 aquas
942 2053 1109 2090 absorbet.
1159 2053 1252 2089 Tum
1262 2055 1423 2102 equidem
1433 2065 1537 2090 naves
1544 2054 1683 2088 harentin
1687 2056 1765 2100 sicco

45 2112 72 2137 n
105 2099 184 2136 atile
193 2110 304 2149 genus
320 2100 510 2147 squammas
518 2100 708 2138 contrahit,
723 2101 803 2148 quia
811 2113 882 2148 quo
893 2100 976 2136 vivit
985 2101 1160 2138 elemento
1171 2101 1300 2141 deficit.
1339 2102 1453 2150 Alpha
1467 2103 1653 2138 hominum
1666 2103 1765 2139 Deus

47 2147 111 2188 est,
121 2148 156 2184 ὅ(
166 2148 378 2184 elementum
389 2147 565 2184 affionum
578 2162 587 2184 ε
602 2149 636 2185 in
646 2160 760 2184 auram
770 2150 839 2184 abit
847 2149 1044 2185 mortalium
1054 2151 1226 2199 potentia,
1235 2163 1338 2199 quam
1349 2151 1416 2187 Dei
1424 2162 1546 2187 manus
1560 2162 1634 2186 non
1643 2150 1768 2188 susten-

45 2205 105 2233 tat.
130 2235 134 2238 ,
155 2197 225 2233 Cui
237 2196 381 2232 feliciter
394 2195 567 2233 fluxerunt
587 2198 724 2236 omnia,
740 2199 881 2233 tandem
896 2197 977 2232 haeret
991 2203 1022 2231 in
1035 2201 1105 2239 ficco
1121 2221 1131 2238 ,
1154 2199 1173 2234 fi
1196 2199 1250 2235 vel
1269 2200 1438 2235 Favonius
1460 2199 1608 2235 coelestis
1627 2210 1766 2236 contra-

44 2244 156 2285 hitur,
169 2244 221 2280 vel
236 2245 427 2280 auxiliantis
437 2246 504 2281 Dei
517 2246 695 2282 brachium
713 2245 927 2282 subtrahitur.
981 2246 1096 2283 Cessat
1111 2246 1194 2287 effe,
1211 2249 1267 2284 cui
1277 2249 1344 2284 Ens
1352 2248 1491 2284 Eritium
1508 2248 1629 2296 incipit
1640 2247 1762 2286 abesse.

43 2292 134 2330 Non
150 2292 286 2329 subfistit
302 2294 365 2329 luis
379 2294 507 2329 viribus
521 2317 531 2334 ,
545 2295 604 2342 qui
619 2295 746 2330 virtute
761 2294 878 2330 divina
894 2307 968 2330 non
990 2295 1141 2333 fulcitur.
1207 2296 1336 2332 Frustra
1357 2297 1499 2333 terimus
1521 2306 1707 2344 potentum
1721 2297 1760 2333 li.

28 2342 136 2378 'mina
152 2354 164 2387 3
188 2340 395 2377 destituente
410 2343 503 2377 enim
518 2343 675 2378 Numine
699 2342 819 2378 debilis
835 2343 882 2378 est
897 2341 1107 2393 suffragantis
1123 2345 1267 2380 humani
1287 2345 1417 2381 brachii
1431 2343 1621 2382 affistentia.
1672 2345 1758 2381 Pro-

42 2398 184 2440 tegente
199 2391 231 2426 D
241 2391 310 2426 EO
331 2390 475 2426 imbellis
490 2391 537 2426 est
551 2391 629 2427 belli
643 2390 847 2428 adverstmtis
871 2393 1040 2427 fortitudo
1054 2415 1065 2432 ,
1089 2404 1205 2441 neque
1212 2391 1390 2439 dejicietur
1404 2393 1476 2429 ullo
1490 2393 1758 2442 conspirantium

41 2439 214 2474 malorum
229 2438 338 2475 imbre
351 2461 361 2478 ,
375 2440 430 2474 cui
446 2439 570 2475 militat:
581 2440 700 2477 aether.
767 2443 878 2474 Minus
893 2441 1124 2485 eiadverfizntur
1137 2464 1148 2482 ,
1162 2442 1391 2488 t'nst'dt’anturque
1411 2444 1481 2482 alii,
1499 2455 1586 2488 quem
1598 2442 1617 2476 it
1631 2448 1755 2477 numine
1771 2439 1823 2471 ΑΥ
1823 2436 1927 2482 1st.l.5.

37 2489 215 2536 praelium,
227 2487 431 2534 deftnsumque
443 2493 487 2521 iri
497 2488 629 2523 credunt.
680 2491 727 2524 At
742 2488 800 2536 qui
813 2490 857 2524 ad
872 2489 988 2524 Deum
1003 2489 1034 2524 le
1047 2501 1120 2526 non
1128 2491 1318 2530 convertit,
1332 2492 1403 2539 spes
1413 2490 1483 2526 suas
1497 2491 1628 2529 evertit.
1679 2492 1751 2526 Ne·
1764 2486 1870 2530 palme,
1892 2492 1928 2522 ἴε

42 2536 117 2583 quit
131 2536 225 2570 enim
243 2536 273 2570 ei
288 2535 448 2575 feliciter,
463 2537 559 2584 quod
572 2537 658 2585 agit,
672 2539 814 2576 cedere,
830 2548 936 2585 quem
947 2537 1052 2573 acoeli
1067 2537 1191 2575 fiducia
1199 2551 1270 2574 non
1290 2540 1399 2586 pudet
1411 2539 1583 2575 recedere.
1650 2542 1750 2573 Omet-
1765 2534 1913 2584 Olympt’tt'.

40 2594 67 2619 te
80 2582 188 2618 bellum
201 2606 212 2624 ,
229 2589 327 2618 omine
338 2586 534 2632 pugnamsine
546 2588 618 2622 Deo.
669 2584 784 2620 Palam
800 2584 859 2620 suo
881 2585 989 2622 milite
1009 2583 1183 2622 clafficum
1208 2587 1334 2623 cecinit
1349 2587 1529 2623 Heraclius
1546 2587 1754 2634 Imperator,

41 2632 219 2669 nerninem
229 2642 349 2679 praetcr
358 2635 470 2668 Deum
487 2632 542 2668 fibi
561 2632 656 2681 posse
670 2633 821 2668 auxiliari
835 2646 874 2670 ac
886 2635 1014 2669 debere
1026 2657 1036 2673 ,
1053 2634 1085 2670 in
1105 2647 1176 2682 quo
1191 2636 1331 2671 vincere
1343 2635 1541 2684 prceclarum
1558 2635 1639 2672 fitac
1648 2637 1754 2672 deco-

42 2691 130 2717 rum.
155 2681 283 2728 Neque
299 2681 432 2716 haefitin
444 2680 549 2721 liceo,
565 2693 645 2718 nam
655 2681 829 2717 Persarum
845 2682 977 2731 Regem
995 2682 1169 2719 Cossrhoa
1183 2684 1273 2719 seri-o
1292 2684 1499 2731 flammaque
1512 2684 1667 2723 vallavit,
1681 2694 1756 2721 tota

44 2726 115 2777 ejus
126 2729 270 2778 regione
289 2729 477 2777 {anguineis
487 2730 798 2767 nimbisinundata.
849 2729 1051 2767 Devststoria
1068 2731 1101 2766 in
1112 2731 1266 2779 Campo,
1282 2734 1327 2767 de
1340 2733 1501 2768 felicitate
1516 2732 1548 2766 in
1566 2732 1643 2767 soro
1661 2732 1754 2768 secu·

41 2787 96 2813 rus
106 2777 246 2825 estsqui
257 2776 314 2812 sub
322 2778 488 2813 Numinis
498 2777 593 2813 scuto
611 2777 722 2814 tetrus
730 2777 929 2818 est,&cum
939 2779 1156 2815 coelosoedus
1170 2782 1308 2828 pepigit.
1349 2782 1393 2815 Se
1410 2778 1658 2828 1haq3altiffimi
1674 2782 1753 2815 viri-

42 2824 103 2862 bus
112 2826 310 2862 committat
319 2826 370 2861 vir
378 2825 535 2874 publicus
544 2840 552 2861 :
561 2827 635 2862 haec
645 2826 874 2874 coelipolitica
889 2827 952 2867 est,
968 2829 1065 2875 quod
1072 2840 1146 2864 non
1154 2823 1290 2869 assista‘t,
1304 2829 1362 2864 nifi
1373 2830 1431 2877 qui
1448 2828 1667 2876 supplicando
1678 2829 1752 2877 sup-

38 2875 144 2922 petias
155 2874 308 2922 expetiit.
334 2875 420 2909 Non
430 2872 652 2910 floretlaurea
660 2897 671 2914 ,
686 2875 744 2911 nili
752 2876 823 2912 hoc
833 2876 964 2925 rigante
972 2899 982 2911 2
998 2888 1070 2912 non
1079 2877 1298 2912 conservatur
1307 2877 1394 2917 olea,
1403 2877 1460 2912 nili
1470 2878 1541 2912 hoc
1556 2877 1753 2913 incremen-

37 2931 111 2958 tum
126 2923 242 2958 dante.
270 2922 489 2963 Succumbit,
499 2923 557 2970 qui
572 2936 645 2959 non
653 2923 866 2960 recumbitin
877 2924 1022 2960 brachiis
1033 2920 1197 2970 D‘omini3
1210 2925 1278 2961 sine
1287 2926 1419 2962 recursu
1429 2927 1470 2959 ad
1482 2926 1595 2961 Deum
1612 2927 1749 2962 curium

22 2971 110 3018 Jnon
123 2971 263 3008 habebit
275 2970 413 3006 felicem
426 2993 437 3010 ,
456 2972 536 3018 quia
553 2972 648 3007 Deus
661 2981 765 3020 negat
787 2973 1006 3010 concurlum.
1062 2976 1181 3022 Magna
1194 2979 1316 3008 virtutes
1328 2979 1506 3007 comitantur
1518 2973 1648 3008 homines
1661 2976 1748 3018 βίω
1764 2973 1915 3010 Pindarus

35 3019 98 3056 Det
107 3017 250 3065 benficia.
306 3019 379 3055 Nifi
393 3031 536 3055 manum
551 3020 726 3074 porrigat,
739 3020 798 3068 qui
813 3021 920 3056 tribus
935 3021 1048 3069 digitis
1063 3023 1184 3058 orbem
1199 3032 1313 3070 portat
1323 3044 1334 3061 ,
1355 3022 1444 3057 irrita
1463 3023 1592 3057 cadunt
1606 3022 1745 3059 confilia
1759 3021 1926 3068 thlsthmm

33 3067 164 3113 *nosti-a,
174 3076 450 3116 quantocunque
465 3068 535 3103 astu
560 3068 595 3104 <Sc
612 3068 753 3117 ingenio
770 3069 926 3104 humano
940 3070 1146 3125 excogitata.
1219 3071 1386 3106 Tenebrae
1407 3069 1481 3106 sunt
1495 3069 1664 3106 industria:
1679 3083 1745 3107 no-

18 3115 106 3162 ⁴strae
119 3115 520 3155 sineNuminislumine:
534 3127 650 3165 neque
665 3116 733 3153 fine
746 3115 876 3165 qoelesti
889 3118 985 3153 radio
1000 3128 1087 3154 ratio
1102 3117 1216 3154 nostra
1230 3128 1323 3155 extra
1336 3117 1477 3155 nodiem
1492 3119 1566 3158 erit.
1614 3118 1748 3156 Astutia

907 3165 959 3202 Ff
1596 3166 1745 3216 pseudo.
