2087 3610
268 209 374 271 248
455 243 463 253 .
965 168 1330 268 Meteorologia

274 280 356 314 dam
370 276 501 313 habent
515 275 689 311 innatam:
704 273 893 315 vilescunt,
907 272 931 310 fi
944 273 1134 321 patescunt.
1184 272 1339 308 oracula
1349 269 1565 308 mentissunr
1574 268 1714 305 consilia
1730 282 1743 304 ι
1761 276 1798 304 at
1819 267 1950 314 (emper
1959 266 1998 302 in
2051 260 2052 277 ³

271 326 360 362 lucis
370 324 567 372 expertibus
582 324 689 364 lucis,
705 322 928 370 obscurisque
942 322 1048 358 Confi
1061 318 1246 356 receffibus
1255 319 1394 356 oracula
1401 320 1578 355 dabantur.
1629 317 1772 354 Umbris
1787 315 1997 352 involvenda

103 381 260 422 ηψΜηκ
276 375 354 410 sunt
361 372 498 408 illustria
506 372 790 408 Confiliariorum
800 371 908 408 sensa:
921 379 1020 405 tanto
1035 377 1137 405 erunt
1151 368 1347 409 illustriora,
1361 364 1492 416 quanto
1503 366 1709 402 obscuriora.
1735 367 1891 412 Optimum
1904 373 1995 396 acm-

127 435 148 468 ἰ.
155 442 186 469 ²·

274 419 733 469 nffimnmladmimflrandarum
741 432 844 456 rerum
852 419 1025 461 w'nculum²
1040 415 1077 463 est
1094 421 1291 469 mrt'turnitasr
1337 416 1409 454 Vel
1423 415 1582 452 intimam
1598 413 1755 449 tunicam
1769 413 1842 462 igni
1854 410 1997 447 destina-

282 2212 402 2241 turum
416 2204 447 2240 se
462 2203 538 2240 fore
548 2203 670 2238 Petrus
679 2201 875 2249 Aragonius
884 2200 968 2236 dixit
977 2223 986 2240 2
1002 2199 1023 2235 fi
1033 2210 1238 2236 arcanorum
1252 2196 1389 2234 conscia
1397 2208 1471 2232 non
1481 2206 1580 2243 aeque
1588 2206 1628 2231 ac
1644 2194 1765 2242 peetus
1774 2215 1788 2234 2
1803 2191 1954 2241 pectoris
1967 2191 2012 2227 se·
2059 2204 2061 2208 ⁴
2083 2214 2085 2218 -

283 2256 381 2290 creta
392 2255 583 2300 obtegeret.
610 2251 693 2286 Hoc
708 2250 756 2285 est
772 2249 962 2284 maximum
978 2248 1062 2284 aulae
1080 2248 1348 2286 sacramentum,
1362 2256 1490 2281 tacere.
1519 2245 1606 2292 Qo
1622 2242 1739 2279 celsius
1749 2240 1936 2279 aedificium
1947 2262 1958 2280 ‚
1974 2239 2018 2275 eo
2063 2252 2069 2285 ᾗ
2084 2246 2085 2249 ’

284 2302 492 2350 profundius
503 2300 788 2335 fundamentum:
804 2297 879 2334 celsi
889 2297 1055 2336 vertices,
1079 2295 1115 2332 ὅ(
1131 2294 1334 2331 excellentia
1350 2294 1461 2341 capita
1474 2310 1484 2328 a
1499 2291 1730 2328 inscrutabiles
1747 2290 1897 2326 habeant
1912 2288 2021 2327 [inu-s,
2069 2323 2070 2326 ,

292 2362 340 2386 ne
355 2350 528 2398 profunda
537 2358 638 2383 mens
654 2346 945 2395 deprehendatur.
996 2343 1159 2392 Mysteria
1177 2342 1252 2379 sunt
1261 2341 1393 2378 senatus
1407 2339 1580 2379 confulta,
1596 2339 1743 2375 refidere
1753 2338 1861 2373 corde
1879 2338 2021 2375 debent,

289 2411 366 2434 non
382 2397 491 2435 labiis.
540 2397 669 2443 Neque
683 2407 767 2431 vero
784 2394 902 2429 frustra
918 2405 980 2430 cor
994 2392 1181 2429 inocculto
1195 2391 1242 2426 est
1275 2390 1398 2426 ositum
1410 2390 1489 2437 quia
1498 2398 1695 2437 paterenon
1713 2385 2022 2423 debentcordisin-

288 2455 415 2492 venta;
428 2447 512 2482 Eam
530 2445 640 2480 modo
650 2453 786 2478 aetatem
797 2443 962 2481 vivimus,
979 2442 1015 2477 in
1029 2453 1095 2488 qua
1112 2437 1247 2475 diffirnu
1262 2450 1319 2474 are
1334 2438 1391 2474 sub
1407 2437 1497 2473 larva
1513 2440 1632 2473 dextre
1648 2435 1830 2470 novimus:
1845 2433 1930 2473 sola,
1947 2443 2024 2480 quae
2069 2440 2070 2455 ³
2085 2447 2087 2451 ¹

293 2495 397 2545 pallio
408 2491 971 2542 indigent‚conlilianontegimus.
1011 2488 1236 2525 Bacchanalia
1247 2485 1599 2532 mundusvivit‚quia
1607 2483 1692 2519 nihil
1702 2483 1820 2518 sinceri
1831 2482 2028 2530 apertiqueg,
2069 2500 2070 2503 =

294 2543 436 2593 politica
446 2544 634 2578 verborum
647 2551 878 2587 ,morumque
893 2538 1059 2573 fimulatio
1071 2538 1230 2572 tenebras
1245 2535 1321 2570 orbi
1339 2535 1469 2570 invexit
1480 2555 1491 2573 ‚
1505 2534 1556 2568 fre
1563 2542 1658 2567 ntem
1674 2530 1881 2578 vultumque
1897 2529 2022 2564 menti-

295 2602 364 2628 turr
415 2592 535 2627 Unum
548 2589 632 2624 illud
643 2611 653 2629 ,
668 2589 765 2636 quod
775 2584 972 2623 densiflimis
982 2587 1122 2622 deberet
1131 2583 1264 2620 nebulis
1273 2583 1433 2622 obvolvi,
1442 2594 1502 2631 per
1510 2592 1627 2617 auram
1635 2579 1730 2615 volat
1737 2602 1746 2619 ,
1756 2579 1960 2625 auriumque
1967 2578 2022 2612 tri-

296 2639 438 2676 vialium
448 2637 583 2686 judicio
600 2636 802 2684 exponitur,
813 2633 987 2681 judicium
996 2634 1083 2671 intra
1092 2633 1180 2681 regis
1191 2632 1346 2679 siparium
1365 2629 1582 2668 conclusum.
1633 2628 1668 2663 O
1679 2628 1815 2674 quoties
1832 2624 1966 2661 neceffe
1975 2623 2021 2660 eil

295 2689 347 2725 set
354 2688 415 2724 illo
424 2686 590 2734 Alphonfi
598 2685 780 2734 Aragoniae
790 2684 827 2719 &
835 2682 1003 2730 Neapolis
1012 2681 1115 2731 Regis
1125 2680 1230 2716 effato
1245 2679 1337 2715 aulas
1353 2678 1596 2726 perstringere:
1613 2678 1647 2712 Si
1657 2676 1770 2724 priscis
1779 2676 2020 2710 Romanorum

2068 2601 2071 2675 l

299 2737 382 2774 aevis
393 2735 556 2775 vixissem,
566 2733 720 2770 senatum
727 2733 885 2768 hortatus
899 2731 1032 2767 fuissem
1040 2753 1050 2771 ‚
1058 2739 1138 2766 ante
1146 2730 1238 2764 fores
1246 2728 1347 2764 curiae
1355 2739 1447 2763 aram
1457 2724 1714 2770 exstruerejovi
1722 2723 1901 2762 Pofitorio,
1911 2722 1946 2757 in
1954 2732 2022 2767 qua
2071 2755 2072 2759 ,

298 2787 484 2821 Senatores
492 2782 725 2831 ingredientes
734 2780 885 2829 privatos
904 2778 1068 2824 affeelu33
1082 2777 1300 2826 egredientes
1310 2788 1394 2812 vero
1412 2774 1539 2811 secreta
1549 2773 1678 2809 consilii
1687 2773 1916 2819 deponerent.
1947 2771 2019 2804 Va.-

302 2834 468 2869 Ientiores
478 2831 630 2867 hostium
640 2827 727 2865 artes
738 2829 868 2875 superat
883 2827 1010 2863 secreta
1020 2826 1199 2862 sinceritas.
1211 2822 1328 2871 Hujus
1334 2824 1467 2860 virtutis
1479 2821 1652 2858 dele&um
1663 2820 1814 2855 maxime
1823 2818 2022 2855 habendum

303 2878 666 2930 inadlegendisRegiis
675 2875 1170 2917 ministri8,consulitHenricus
1180 2873 1360 2908 Lufitanus
1370 2872 1456 2907 Rex.
1466 2872 1649 2920 Qantum
1659 2868 1788 2903 occulti
1798 2865 1950 2903 cuniculi
1959 2867 2024 2900 ho-

304 2929 531 2978 stilipraesidio
549 2929 595 2962 de
611 2928 737 2962 robore
754 2925 864 2960 demit
878 2937 889 2969 ς
905 2934 1041 2962 tantum
1056 2922 1193 2957 inutiles
1206 2921 1298 2960 sunt,
1312 2920 1333 2955 fi
1350 2932 1424 2955 non
1439 2920 1502 2954 fint
1516 2917 1609 2954 teffi.
1660 2915 1872 2952 Abscondita
1887 2914 2024 2950 confina

305 2978 383 3019 sunt
391 2976 593 3012 de-inimicis
608 2974 703 3010 semi-
715 2973 875 3010 vifiroria:
890 2973 964 3007 haec
976 2972 996 3006 si
1005 2981 1123 3019 patent
1133 2981 1318 3017 purpuram
1329 2969 1464 3016 Regum
1474 2965 1671 3002 erubescere
1681 2965 1812 3000 faciunt
1820 2986 1830 3003 ,
1840 2965 1937 3010 quod
1955 2962 2023 2997 irri-

305 3036 381 3062 tum
391 3025 536 3061 reddant
544 3024 676 3062 exitum
690 3032 808 3057 mente
817 3030 1112 3069 praeconceptum.
1140 3017 1266 3053 Melius
1277 3026 1439 3065 operatur
1454 3016 1623 3061 bombyx,
1633 3014 1717 3048 dum
1733 3012 1899 3060 operitur.
1924 3009 2024 3049 Tutae

307 3073 497 3121 aquilarum
513 3070 768 3120 praedatricibus
779 3071 931 3106 evadunt
939 3067 1076 3115 ungulis
1085 3077 1205 3116 grues,
1222 3065 1364 3113 quando
1373 3062 1501 3111 injeEto
1511 3064 1547 3098 in
1556 3073 1596 3097 os
1604 3059 1719 3108 lapillo
1729 3071 1775 3096 ne
1782 3060 1942 3109 gruendo
1951 3058 2020 3105 qui-

309 3123 390 3159 dem
403 3132 458 3158 eas
466 3118 605 3170 possunt
619 3120 779 3157 excitare.
832 3117 1111 3161 Suntmtafilentm
1121 3140 1129 3156 ‚
1146 3112 1271 3161 adjecit
1286 3114 1334 3149 eis
1351 3111 1500 3149 calamus
1511 3110 1726 3158 symbolicus.
1778 3111 1886 3155 Aquae
1901 3109 2021 3153 odora-

1982 3164 2058 3189 ΠΕ·
