2087 3610
616 214 976 286 Philosophico-
984 218 1187 268 Politica.
1673 234 1766 290 241

156 302 260 339 Circu
276 301 423 338 modurn
438 300 522 336 vero
538 300 654 348 ignem
663 301 778 342 hunc,
793 299 937 348 ejusque
950 302 1128 337 materiam
1137 300 1475 342 conficiendi,variae
1485 303 1668 350 opiniones
1684 304 1771 342 sunt.

55 349 210 398 Qidam
219 351 336 386 oleum
355 349 498 384 metallis
514 348 726 389 extradium,
747 349 1018 396 succenlumque
1031 360 1200 397 perpetuo
1215 348 1364 385 arsurum
1381 349 1540 388 asserunt.
1589 350 1658 387 Alii
1675 364 1716 387 cx
1734 365 1768 388 a·

0 401 3 414 ¹
56 401 188 434 mianto
203 398 313 446 lapide
330 397 365 432 in
376 396 494 432 oleum
505 396 662 432 distillato
682 398 860 432 materiam
876 396 1189 432 incombustibilem
1204 396 1276 432 fieri
1291 397 1426 433 volunt.
1478 399 1672 440 Nonnulli,
1689 401 1768 448 quia

0 480 3 482 .
55 446 97 482 sal
113 446 195 482 oleo
212 444 354 492 injectus
369 445 563 492 lampadem
580 445 955 492 diuturnioritempore
968 447 1103 485 ardere,
1119 446 1154 482 ὅ(
1168 447 1296 481 tardius
1304 446 1456 495 extingui
1466 447 1557 486 sinit,
1571 448 1718 494 opinari,
1729 460 1767 482 o-

54 495 177 531 leume
192 493 256 530 sale
271 493 374 529 usuali
392 492 556 528 exuestum
572 492 648 527 fore
664 503 881 540 perpetuum.
942 493 1132 540 Jonstonus
1144 493 1291 541 ⁴sequens
1310 495 1456 529 mixtum
1473 495 1655 543 praescribit
1670 510 1679 530 ι
1694 496 1768 531 Sul-

0 580 1 583 ,
57 543 172 591 phuris
186 564 197 582 ,
217 541 252 578 ὅ(
267 541 425 577 aluminis
442 540 600 577 calcinari
616 541 732 576 uncias
741 554 777 587 4.
792 542 812 575 e
825 541 949 583 quibus
965 541 1148 576 sublimatis
1167 540 1269 576 liores
1283 542 1425 590 colligit.
1482 543 1620 577 Florum
1638 543 1767 578 [extan-

55 601 127 628 tem
147 602 227 626 cum
241 587 553 639 semiunciajungit
562 589 681 625 Boraci
698 588 890 636 crystallino
900 589 1042 624 Veneto
1061 588 1203 629 unciali,
1219 590 1326 637 inque
1339 591 1477 626 concha
1490 592 1597 626 vitrea
1612 592 1770 626 contritis

0 656 1 660 ¹
51 636 214 678 affundit,
232 637 384 686 spiritum
395 637 466 673 vini
481 647 601 685 quater
615 636 827 676 distillatum,
841 636 876 672 δε
889 636 976 672 taeta
985 637 1196 686 digestione,
1210 637 1377 674 abstraeio
1391 632 1448 673 illo
1458 650 1610 679 ,novum
1620 640 1773 687 reponit,

0 717 1 720 ,
53 687 158 734 idque
166 687 289 734 repetit
309 686 377 725 bis,
392 695 462 725 ter,
475 685 530 721 vel
544 695 664 733 quater
674 708 683 725 ,
700 687 815 721 donec
830 696 957 733 nempe
965 684 1238 733 lhlphurinoerea
1248 686 1374 723 lamina
1382 687 1581 723 candela&a
1591 687 1660 723 [ine
1670 688 1768 722 fumo

0 765 1 770 ,
52 735 152 771 instar
167 745 253 770 cerae
271 732 364 770 fluat.
416 734 499 769 Hoc
536 734 694 771 abulum,
708 732 906 781 inquit,est.
957 733 1177 780 Ellychnium
1186 745 1292 781 porro
1310 734 1463 782 sequenti
1478 737 1590 771 modo
1609 735 1772 771 conticit:

51 782 182 821 Asbessi
193 782 312 830 lapidis
321 781 496 818 filamenta
522 782 730 829 ongitudine
747 782 844 830 digiti
860 781 1075 821 auricularis,
1089 779 1234 817 crassitie
1246 793 1330 817 vero
1342 783 1455 817 media
1471 784 1625 831 colligat,
1641 793 1772 819 veneto

55 831 364 879 l'ulphureimbuit,
375 830 541 869 tumulat,
558 829 594 866 δ(
614 830 649 864 in
659 841 762 865 arena
778 829 913 865 calente
927 830 1085 876 horis24.
1100 831 1285 878 decoquit,
1300 830 1486 866 ebulliente
1495 831 1625 879 semper
1634 831 1770 879 sulphu-

55 891 113 925 re3
131 879 322 915 delibutum
335 879 376 915 lic
386 878 598 926 ellychnium
613 878 763 926 disponit
776 878 812 913 in
826 878 963 913 concha
977 878 1103 918 vitrea,
1118 887 1156 913 ut
1165 879 1318 914 emineat
1333 878 1513 926 paululum
1531 893 1543 924 3
1563 892 1580 914 a
1606 881 1693 928 gerit
1709 879 1771 915 sul-

51 929 142 976 phur
157 937 401 976 praeparaturn,
416 927 591 963 concham
609 927 641 961 in
650 938 789 961 arenam
803 926 973 962 calentem
983 926 1103 967 infert,
1118 936 1158 962 ut
1171 926 1499 975 iulpliurliquelcat,
1509 928 1544 964 ὅ(
1559 928 1588 965 el
1603 929 1771 976 ychnium

54 976 339 1024 comprehendat.
392 976 476 1011 Hoc
491 975 593 1010 semel
602 973 783 1010 accensum
785 972 862 1023 jugi
873 973 1012 1010 flamma
1026 974 1176 1010 arsurum
1192 975 1322 1015 credit,
1336 975 1686 1024 quocunquelampas
1696 978 1772 1013 haec'

53 1023 136 1061 loco
151 1034 347 1080 reponatur.
399 1024 500 1059 Pater
508 1023 634 1060 Caefius
651 1022 780 1058 veroin
792 1021 1024 1072 Minerologia
1039 1024 1135 1059 hunc
1144 1024 1291 1059 modum
1301 1033 1409 1063 tenet,
1419 1025 1524 1059 vitrea
1541 1025 1771 1074 phialaliquo-

53 1084 92 1109 re
108 1069 309 1108 tenuiffimae
325 1071 528 1111 substantiae,
544 1071 750 1119 sulphureae,
764 1070 818 1106 vel
828 1071 953 1118 piceae,
968 1082 1043 1119 quae
1058 1071 1096 1107 fit
1115 1071 1267 1107 minimae
1288 1073 1543 1120 evaporationis
1556 1095 1566 1113 ,
1582 1073 1770 1120 repleatur,

55 1121 91 1158 ὂ(
103 1119 264 1168 speculis,
278 1121 333 1157 vel
348 1121 444 1169 igne,
460 1120 515 1155 vel
530 1129 630 1156 motu
645 1119 864 1157 accendatur.
930 1119 1080 1155 flamma
1099 1120 1174 1156 haec
1195 1119 1297 1155 semel
1312 1119 1453 1156 accenla
1468 1132 1647 1169 nunquam
1663 1122 1771 1156 extin-

54 1179 197 1220 guetur,
213 1178 288 1205 tum
298 1191 309 1209 ,
341 1169 395 1204 uia
406 1170 533 1204 vitrum
550 1166 902 1215 nulluslubirepotest
910 1173 986 1208 aer,
1000 1166 1206 1216 quiflamma
1215 1168 1478 1215 sopitavacuum
1487 1169 1606 1217 phiala:
1615 1169 1773 1217 repleret,

30 1227 32 1229 ·
52 1228 127 1253 tum
140 1217 219 1265 quia
239 1218 328 1265 pabu
345 1229 402 1252 um
418 1217 499 1266 igne
519 1215 670 1252 solutum
686 1239 697 1256 ,
723 1217 805 1252 cum
823 1215 983 1252 ina'erem
1002 1217 1095 1251 abire
1104 1228 1177 1251 non
1189 1214 1575 1264 possit,redibititerum
1587 1217 1772 1253 inalimcn-

51 1265 126 1300 tum
141 1265 242 1320 ignis.
293 1266 390 1301 Sicut
405 1269 489 1300 dum
508 1274 691 1314 argentum
707 1265 826 1300 vivum
843 1265 913 1313 igni
929 1264 1128 1313 impolitum
1142 1287 1153 1304 ,
1173 1266 1208 1300 in
1222 1265 1359 1300 fumum
1386 1264 1422 1301 δι
1439 1277 1604 1314 vaporem
1621 1264 1778 1304 solvitur,

49 1313 106 1350 hic
128 1313 168 1349 fri
194 1314 258 1350 idis
273 1314 500 1362 receptaculis
513 1323 699 1360 exceptuS,
714 1311 868 1348 rursusin
885 1323 1068 1361 argentum
1086 1314 1204 1350 vivum
1219 1314 1444 1350 convertitur.
1495 1314 1650 1350 Eandem
1668 1315 1780 1350 ferme

51 1327 238 1398 lormufirm
253 1363 436 1410 praeteribit
450 1361 593 1410 Baptista
607 1361 709 1396 Porta
723 1362 858 1399 citatus.

145 1409 243 1446 Salva
255 1421 373 1446 tamen
388 1420 566 1446 tantorum
580 1410 735 1446 virorum
749 1409 958 1445 authoritate
972 1409 1088 1445 verior
1103 1409 1225 1458 opinio
1246 1409 1405 1459 negativa
1421 1409 1485 1446 effe
1507 1410 1644 1446 videtur
1661 1433 1671 1450 ,
1696 1422 1778 1445 narn

50 1458 163 1506 primo
182 1459 258 1506 quis
271 1460 516 1495 credatardere
532 1458 670 1498 oleum,
683 1469 750 1493 nec
763 1468 880 1493 tamen
897 1457 1070 1497 consumi,
1083 1469 1163 1493 curn
1175 1459 1271 1493 (uum
1283 1459 1370 1507 ignis
1385 1458 1589 1494 alimentum
1599 1459 1773 1497 continuo

49 1506 264 1554 depascatur,
275 1519 342 1543 nec
353 1507 445 1542 aliud
456 1507 492 1543 lit
500 1508 637 1546 ardere,
647 1518 749 1554 quam
758 1506 961 1542 alimentum
972 1507 1008 1540 in
1019 1506 1156 1541 fumum
1166 1507 1345 1545 resolvere,
1399 1508 1563 1542 Secundo
1577 1511 1709 1542 constat
1719 1518 1779 1543 ex-

72 1555 231 1591 erientiai
259 1567 342 1591 nem
356 1567 430 1590 non
449 1556 562 1591 minus
579 1558 652 1590 aere
667 1555 794 1594 libero,
809 1566 849 1591 ac
860 1553 1027 1590 alimento
1046 1555 1219 1602 indigere,
1235 1565 1273 1590 ut
1289 1555 1377 1591 bene
1395 1556 1552 1592 oblervat
1571 1556 1780 1591 Honoratus

75 1603 145 1638 abri
164 1568 258 1639 tras}
276 1614 302 1648 5.
312 1603 332 1639 l.
343 1615 375 1639 2.
386 1616 418 1652 p.
428 1615 499 1650 149.
515 1603 596 1639 cum
613 1602 863 1650 enim,inquit,
876 1603 963 1651 ignis
979 1613 1085 1650 purus
1101 1615 1175 1638 non
1190 1603 1227 1638 sit
1242 1626 1252 1643 ‚
1278 1603 1334 1638 sed
1353 1615 1435 1639 cum
1455 1605 1605 1639 humore
1631 1602 1779 1650 conjun-

48 1650 140 1691 etus,
159 1652 216 1687 hic
225 1651 301 1687 lane
310 1653 501 1692 rarescens,
517 1651 573 1687 vel
584 1650 716 1691 avolat,
733 1650 753 1685 si
769 1661 862 1698 patet
875 1652 1003 1690 exitus,
1019 1651 1072 1686 vel
1090 1651 1110 1686 li
1127 1653 1243 1686 omnis
1260 1652 1370 1688 exitus
1394 1652 1580 1688 obstruitur
1594 1675 1604 1692 ,
1621 1655 1709 1700 quali
1729 1664 1780 1688 re—

54 1695 227 1748 percussus
237 1709 349 1749 partes
369 1701 455 1749 ignis
472 1700 616 1739 dirimit,
631 1699 826 1746 acproinde
841 1699 927 1748 ignis
943 1698 1139 1734 suffocatur.
1190 1700 1240 1735 lta
1255 1700 1321 1736 ille.
1372 1701 1450 1738 Nec
1468 1710 1540 1736 arte
1556 1699 1629 1736 fieri
1648 1700 1780 1749 potest,

53 1758 90 1784 ut
106 1746 288 1783 flammain
299 1748 443 1784 halitum
452 1748 635 1796 abeat,qui
646 1748 772 1783 deinde
782 1748 817 1783 in
824 1748 942 1783 oleum
952 1747 1166 1788 concrescat,
1183 1760 1281 1789 nam,
1295 1749 1405 1797 pergit
1413 1749 1504 1784 idem
1514 1771 1524 1789 ,
1541 1748 1560 1784 fi
1572 1748 1652 1787 oleo
1663 1750 1777 1785 imbu-

55 1806 128 1832 tum
139 1794 352 1844 ellychnium
370 1797 596 1836 accendatur,
611 1796 736 1831 halitus
750 1797 770 1830 e
785 1794 921 1831 flamma
929 1795 1070 1832 avolans
1085 1797 1120 1831 in
1135 1796 1318 1846 {uliginem
1332 1798 1402 1833 abit
1423 1811 1432 1833 :
1447 1797 1526 1845 quia
1541 1796 1678 1832 flamma
1693 1797 1779 1833 mix-

50 1855 123 1881 tum
140 1844 291 1893 perfecie
309 1845 463 1884 resolvit,
482 1856 588 1893 quare
603 1855 714 1892 partes
725 1845 770 1879 de
783 1844 976 1880 novointra
993 1846 1147 1879 eundem
1157 1844 1298 1892 plexum
1315 1846 1410 1882 coire
1422 1856 1613 1893 nequeunt.
1665 1846 1779 1882 Larte-

48 1905 142 1933 rum,
152 1894 249 1940 quod
261 1893 391 1929 dietum
401 1893 654 1940 estajonstono
674 1894 719 1927 de
733 1891 863 1940 lychno
878 1892 1063 1933 asbestino,
1077 1894 1203 1928 {aretur
1211 1894 1358 1931 omnino
1375 1894 1441 1942 iple
1450 1895 1635 1932 Kircherus
1654 1917 1665 1933 ,
1682 1895 1778 1929 limili

49 1953 109 1990 per
121 1941 301 1978 biennium
312 1941 379 1977 fine
397 1941 468 1977 ullo
486 1941 624 1977 deiectu
642 1941 673 1976 se
688 1941 786 1976 usum
802 1940 892 1986 effe3
908 1941 988 1976 licet
1003 1941 1063 1978 hic
1077 1942 1361 1978 incombustibilis
1371 1942 1424 1982 lit,
1439 1942 1566 1991 pabulo
1583 1953 1699 1979 tamen
1717 1955 1779 1977 nu-

51 1989 120 2026 tn'ri
136 1988 209 2037 ejus
225 1987 363 2026 flamma
379 1991 500 2030 debet,
514 1990 549 2026 ὅ(
565 1989 707 2038 quidem
724 1990 848 2037 pariter
862 1989 1153 2037 inconlumptibili
1167 2013 1177 2030 ,
1193 1991 1289 2039 quod
1307 1992 1465 2030 nondum
1481 1991 1646 2026 hacienus
1664 2002 1780 2039 reper-

50 2047 134 2076 tum.
184 2039 289 2074 unde
305 2037 342 2074 ἀ
358 2039 425 2086 ipse
442 2039 498 2074 hic
507 2039 648 2074 Author
661 2041 706 2072 de
722 2039 801 2087 igne
815 2047 984 2086 perpetuo
999 2037 1224 2074 conficiendo
1241 2039 1393 2086 desperat
1407 2061 1417 2077 ,
1433 2040 1490 2075 nili
1507 2044 1596 2075 torte
1610 2039 1708 2074 locus
1723 2039 1778 2074 ali.

53 2087 127 2134 quis
144 2086 348 2135 reperiatur,
366 2087 401 2122 in
410 2099 480 2134 quo
491 2088 626 2134 copiam
636 2087 814 2122 bituminis
827 2086 998 2122 continuo
1014 2086 1165 2122 stillantis
1180 2097 1300 2123 natura
1317 2089 1556 2124 recondiderit
1570 2110 1580 2127 ,
1595 2099 1635 2123 ac
1652 2088 1687 2123 in
1702 2097 1781 2135 apta

49 2135 170 2171 abhoc
187 2133 343 2171 distantia
353 2134 491 2172 lucerna
502 2135 676 2171 metallina
693 2133 919 2170 constituatur
927 2146 1007 2170 cum
1019 2134 1147 2181 lychno
1157 2135 1326 2172 asbestino
1336 2158 1347 2175 ,
1367 2138 1408 2171 ad
1419 2148 1522 2185 quem
1533 2136 1649 2185 ignem
1660 2140 1712 2170 lox
1723 2148 1782 2171 tn-

50 2183 134 2219 dum
152 2194 213 2230 per
227 2183 352 2219 tubum
362 2183 566 2232 plumbeum
574 2183 750 2219 continuo
762 2184 782 2218 e
799 2183 899 2219 fonte
913 2183 1092 2220 bituminis
1109 2186 1251 2220 materia
1269 2185 1477 2224 deducatur,
1494 2185 1558 2221 hac
1574 2184 1708 2220 ratione
1725 2196 1780 2219 ac-

53 2230 194 2268 censum
212 2229 314 2268 semel
332 2232 653 2280 ignemmunquam
666 2232 941 2280 extinguendum
951 2232 1134 2279 promittit.

145 2278 241 2316 Hinc
257 2280 447 2318 dicendum
462 2281 505 2315 ad
522 2280 938 2316 memoratasAuthorum
955 2280 1139 2316 relationes
1156 2280 1198 2315 de
1216 2280 1363 2316 inventis
1378 2280 1610 2328 lampadibus,
1635 2284 1690 2316 eas
1707 2292 1781 2317 non

53 2325 288 2368 anteaarfisse‚
306 2327 361 2364 sed
371 2340 490 2365 recens
499 2329 724 2364 afflanteaura
733 2329 845 2376 prImo
861 2330 1018 2364 accenlas
1031 2328 1144 2368 luiffe,
1161 2329 1326 2376 liquidem
1341 2330 1385 2364 ita
1401 2328 1528 2366 confici
1546 2339 1724 2376 poterant,
1743 2339 1781 2365 ut

51 2375 174 2411 tellure
188 2374 286 2412 teRae
297 2377 412 2426 ignem
429 2388 502 2413 non
511 2378 757 2424 conciperent,
777 2378 967 2415 accedente
985 2389 1068 2412 vero
1077 2376 1471 2415 aereinllammarentur.
1522 2377 1636 2413 Praxis
1653 2389 1782 2425 piaepa-

50 2424 148 2460 randi
164 2424 230 2460 hos
241 2425 337 2474 ignes
347 2426 490 2473 sequens
499 2425 562 2461 est:
586 2426 849 2473 Lithargyrum,
872 2425 1055 2460 Tartarum
1071 2448 1082 2466 ,
1099 2425 1230 2462 calcem
1247 2449 1257 2466 ,
1275 2437 1314 2463 ac
1328 2426 1538 2462 cinnabarim
1555 2426 1589 2462 in
1604 2436 1703 2461 aceto
1723 2438 1781 2463 co-

49 2483 137 2520 que,
154 2472 270 2509 donec
278 2483 416 2509 acetum
430 2474 567 2522 penitus
577 2473 742 2509 exhalarit
755 2486 767 2518 3
782 2483 857 2508 turn
866 2473 978 2508 claulo
996 2473 1071 2509 vale
1081 2475 1160 2523 igne
1174 2475 1376 2511 vehementi
1393 2475 1569 2511 materiam
1588 2476 1778 2519 combure;

50 2531 183 2568 repone
195 2542 206 2560 ,
222 2530 260 2556 ut
273 2521 427 2571 frigescat
443 2536 452 2557 :
467 2521 542 2570 post
561 2522 674 2570 plures
689 2521 843 2561 menses,
861 2521 882 2556 fi
897 2523 1082 2570 aperueris.
1093 2523 1150 2558 ubi
1165 2523 1309 2559 materia
1324 2523 1398 2559 haec
1411 2529 1526 2560 aerem
1541 2523 1729 2569 acceperit,
1745 2523 1780 2557 in

54 2565 232 2604 flammam
248 2570 463 2608 animabitur.
512 2571 699 2610 Secundo,
717 2570 800 2617 saepe
813 2571 848 2607 in
865 2570 1088 2607 subterraneis
1103 2572 1228 2619 cryptis
1246 2582 1320 2608 non
1343 2573 1499 2619 perpetui
1515 2593 1525 2610 ,
1541 2572 1596 2605 sed
1613 2573 1694 2605 latui
1707 2581 1781 2607 tau«

51 2625 124 2652 tum
144 2617 241 2666 ignes
254 2617 347 2658 sunt,
362 2619 665 2666 quiecadaverum
680 2618 954 2654 exhalationibus
966 2629 1183 2666 generantur.
1234 2620 1330 2667 Saepe
1344 2620 1446 2656 etiam
1459 2620 1572 2666 liquor
1588 2619 1708 2666 aliquis
1724 2619 1780 2653 lal-

49 2676 197 2701 monum
206 2666 426 2721 pinguedini,
443 2666 550 2705 noctu
559 2667 710 2707 lucenti,
719 2675 778 2702 aut
787 2666 1036 2705 cicindelarum
1047 2669 1205 2704 tenebras
1215 2667 1480 2703 illuminantium
1494 2669 1593 2703 luceo
1608 2666 1719 2702 limilis
1730 2670 1780 2703 lu-

52 2723 132 2750 men
151 2723 329 2752 mentitur.

147 2762 291 2811 Qaeres
310 2772 434 2810 quarto
449 2777 458 2799 :
473 2762 597 2810 Qalia
615 2775 695 2798 nam
713 2762 774 2800 [int
787 2763 866 2802 loca
880 2763 1103 2800 subterraneis
1120 2764 1256 2812 ignibus
1271 2762 1471 2813 flagrantia}
1488 2764 1713 2811 Respondet),
1732 2763 1783 2798 in-

58 2817 107 2845 ter
122 2821 245 2846 extera
259 2811 334 2846 haec
350 2815 535 2846 numerari.
601 2812 641 2847 ln
654 2812 845 2859 Campania
863 2823 966 2847 mons
984 2811 1172 2852 Veiuvius,
1188 2814 1247 2861 qui
1266 2814 1458 2849 horrendas
1474 2813 1658 2859 aliquando
1677 2811 1784 2847 efficit

54 2855 187 2907 strages.
239 2857 354 2905 Hujus
365 2859 385 2894 e
401 2860 730 2908 propinquioriloco
739 2859 886 2897 visendae
903 2860 939 2896 &
960 2861 1238 2908 contemplandae
1259 2860 1370 2896 studio
1381 2860 1637 2896 Pliniusauuor
1647 2869 1781 2895 natura-

55 2903 484 2946 lishistoriae,Misenitunc
500 2921 518 2942 a
545 2919 606 2944 ens
622 2910 686 2953 (ut
695 2918 807 2944 narrat
820 2907 1040 2944 alterPlinius
1058 2920 1167 2958 nepos
1182 2921 1222 2944 ex
1231 2910 1360 2944 Sorore
1374 2908 1429 2945 lib.
1442 2912 1472 2943 (›.
1491 2908 1606 2956 epist.)
1620 2910 1701 2943 cum
1718 2909 1780 2941 do-

59 2965 117 2990 mo
134 2955 272 3003 lougius
288 2954 399 2990 luisset
417 2967 497 3004 egre
526 2967 564 2992 us
580 2979 591 2996 ,
612 2958 729 2993 cinere
751 2956 786 2992 ὅ(
805 2957 952 2992 fumanti
969 2968 1098 3004 vapore
1121 2957 1332 2993 exanimatus
1344 2957 1512 2993 concidit.
1567 2956 1604 2990 ln
1621 2956 1784 2991 Hetruria

56 3001 347 3050 proficiscentibus
357 3003 564 3040 florentiola
575 3005 772 3041 Bononiam
783 3016 886 3040 mons
896 3006 1032 3053 aslurgit
1040 3028 1049 3045 ,
1058 3006 1117 3054 qui
1133 3006 1242 3042 noctu
1250 3028 1260 3044 ,
1269 3006 1399 3052 diuque
1414 3006 1548 3039 turnum
1559 3004 1594 3039 <Sc
1605 3003 1781 3040 flammam

56 3051 207 3090 exhalat,
225 3050 282 3086 etii
300 3049 438 3087 flamma
453 3063 526 3088 non
538 3053 596 3089 nili
613 3052 738 3092 nocie,
754 3053 872 3089 fumus
887 3055 989 3089 etiam
1007 3054 1063 3089 die
1080 3055 1175 3089 cerni
1189 3063 1304 3102 queat,
1354 3051 1467 3100 Prope
1482 3057 1530 3088 Ax
1539 3064 1661 3088 eruum
1677 3064 1782 3088 mons

55 3099 247 3135 modernus
266 3098 436 3147 spiraculis
454 3110 573 3148 patens
590 3101 723 3141 fremit,
741 3100 777 3138 ὅ(
794 3101 1056 3185 fumidanhclum
1076 3102 1211 3150 ignibus
1222 3100 1474 3138 exhalationem
1485 3101 1611 3138 tundit.
1662 3100 1782 3184 llij'm’

1004 3162 1014 3184 1
1709 3159 1779 3196 ipa..
