<?xml version="1.0" encoding="UTF-8"?>
<!DOCTYPE html PUBLIC "-//W3C//DTD XHTML 1.0 Transitional//EN"
    "http://www.w3.org/TR/xhtml1/DTD/xhtml1-transitional.dtd">
<html xmlns="http://www.w3.org/1999/xhtml" xml:lang="en" lang="en">
 <head>
  <title>
</title>
<meta http-equiv="Content-Type" content="text/html;charset=utf-8" />
  <meta name='ocr-system' content='tesseract 3.04.00' />
  <meta name='ocr-capabilities' content='ocr_page ocr_carea ocr_par ocr_line ocrx_word'/>
</head>
<body>
  <div class='ocr_page' id='page_1' title='image "./meteorologiaphil00reinz/meteorologiaphil00reinz_0074.png"; bbox 0 0 2087 3610; ppageno 0'>
   <div class='ocr_carea' id='block_1_1' title="bbox 326 219 1367 300">
    <p class='ocr_par' dir='ltr' id='par_1_1' title="bbox 326 219 1367 300">
     <span class='ocr_line' id='line_1_1' title="bbox 326 219 1367 300; baseline 0.012 -32"><span class='ocrx_word' id='word_1_1' title='bbox 326 219 402 286; x_wconf 86' lang='lat'>64</span> <span class='ocrx_word' id='word_1_2' title='bbox 1005 226 1367 300; x_wconf 82' lang='lat' dir='ltr'>Meteorologia</span> 
     </span>
    </p>
   </div>
   <div class='ocr_carea' id='block_1_2' title="bbox 303 301 2044 1755">
    <p class='ocr_par' dir='ltr' id='par_1_2' title="bbox 324 301 2044 499">
     <span class='ocr_line' id='line_1_2' title="bbox 421 301 2042 355; baseline 0.005 -19"><span class='ocrx_word' id='word_1_3' title='bbox 421 301 615 349; x_wconf 77' lang='lat' dir='ltr'>Explicatur</span> <span class='ocrx_word' id='word_1_4' title='bbox 624 305 746 351; x_wconf 72' lang='lat' dir='ltr'>quarto</span> <span class='ocrx_word' id='word_1_5' title='bbox 763 317 772 338; x_wconf 79' lang='lat' dir='ltr'>t</span> <span class='ocrx_word' id='word_1_6' title='bbox 800 305 874 341; x_wconf 90' lang='lat' dir='ltr'>Cur</span> <span class='ocrx_word' id='word_1_7' title='bbox 881 307 1040 343; x_wconf 81' lang='lat' dir='ltr'>Cometae</span> <span class='ocrx_word' id='word_1_8' title='bbox 1054 308 1157 355; x_wconf 83' lang='lat' dir='ltr'>aliqui</span> <span class='ocrx_word' id='word_1_9' title='bbox 1171 310 1317 344; x_wconf 88' lang='lat' dir='ltr'>caudam</span> <span class='ocrx_word' id='word_1_10' title='bbox 1330 309 1429 345; x_wconf 91' lang='lat' dir='ltr'>initio</span> <span class='ocrx_word' id='word_1_11' title='bbox 1447 322 1522 346; x_wconf 89' lang='lat' dir='ltr'>non</span> <span class='ocrx_word' id='word_1_12' title='bbox 1536 311 1685 351; x_wconf 74' lang='lat' dir='ltr'>habent,</span> <span class='ocrx_word' id='word_1_13' title='bbox 1707 310 1835 346; x_wconf 86' lang='lat' dir='ltr'>deinde</span> <span class='ocrx_word' id='word_1_14' title='bbox 1846 309 1932 345; x_wconf 78' lang='lat' dir='ltr'>vero</span> <span class='ocrx_word' id='word_1_15' title='bbox 1948 308 2042 344; x_wconf 87' lang='lat' dir='ltr'>illam</span> 
     </span>
     <span class='ocr_line' id='line_1_3' title="bbox 325 350 2044 406; baseline 0.006 -23"><span class='ocrx_word' id='word_1_16' title='bbox 325 350 522 396; x_wconf 70' lang='lat' dir='ltr'>acquirant,</span> <span class='ocrx_word' id='word_1_17' title='bbox 539 351 592 386; x_wconf 92' lang='lat' dir='ltr'>vel</span> <span class='ocrx_word' id='word_1_18' title='bbox 609 353 809 388; x_wconf 75' lang='lat' dir='ltr'>etiamillam</span> <span class='ocrx_word' id='word_1_19' title='bbox 821 356 1000 401; x_wconf 78' lang='lat' dir='ltr'>amittant3</span> <span class='ocrx_word' id='word_1_20' title='bbox 1024 357 1095 391; x_wconf 83' lang='lat' dir='ltr'>hoc</span> <span class='ocrx_word' id='word_1_21' title='bbox 1103 357 1196 391; x_wconf 90' lang='lat' dir='ltr'>enim</span> <span class='ocrx_word' id='word_1_22' title='bbox 1207 369 1300 393; x_wconf 81' lang='lat' dir='ltr'>exeo</span> <span class='ocrx_word' id='word_1_23' title='bbox 1310 359 1442 399; x_wconf 78' lang='lat' dir='ltr'>evenit,</span> <span class='ocrx_word' id='word_1_24' title='bbox 1458 359 1538 406; x_wconf 87' lang='lat' dir='ltr'>quia</span> <span class='ocrx_word' id='word_1_25' title='bbox 1555 361 1640 395; x_wconf 87' lang='lat' dir='ltr'>radii</span> <span class='ocrx_word' id='word_1_26' title='bbox 1650 371 1723 394; x_wconf 77' lang='lat' dir='ltr'>non</span> <span class='ocrx_word' id='word_1_27' title='bbox 1736 359 1834 394; x_wconf 89' lang='lat' dir='ltr'>initio</span> <span class='ocrx_word' id='word_1_28' title='bbox 1860 366 2044 406; x_wconf 87' lang='lat' dir='ltr'>penetrant</span> 
     </span>
     <span class='ocr_line' id='line_1_4' title="bbox 326 398 2041 452; baseline 0.005 -20"><span class='ocrx_word' id='word_1_29' title='bbox 326 398 527 445; x_wconf 88' lang='lat' dir='ltr'>opaciorem</span> <span class='ocrx_word' id='word_1_30' title='bbox 539 401 727 440; x_wconf 80' lang='lat' dir='ltr'>materiam,</span> <span class='ocrx_word' id='word_1_31' title='bbox 736 413 838 449; x_wconf 79' lang='lat' dir='ltr'>quam</span> <span class='ocrx_word' id='word_1_32' title='bbox 851 404 977 438; x_wconf 88' lang='lat' dir='ltr'>deinde</span> <span class='ocrx_word' id='word_1_33' title='bbox 988 403 1104 439; x_wconf 85' lang='lat' dir='ltr'>senfim</span> <span class='ocrx_word' id='word_1_34' title='bbox 1115 406 1329 452; x_wconf 81' lang='lat' dir='ltr'>pervadunt3</span> <span class='ocrx_word' id='word_1_35' title='bbox 1347 406 1394 442; x_wconf 84' lang='lat' dir='ltr'>sin</span> <span class='ocrx_word' id='word_1_36' title='bbox 1408 417 1525 442; x_wconf 87' lang='lat' dir='ltr'>autem</span> <span class='ocrx_word' id='word_1_37' title='bbox 1539 407 1770 443; x_wconf 74' lang='lat' dir='ltr'>condensetur</span> <span class='ocrx_word' id='word_1_38' title='bbox 1786 406 1947 447; x_wconf 77' lang='lat' dir='ltr'>materia,</span> <span class='ocrx_word' id='word_1_39' title='bbox 1968 405 2041 441; x_wconf 90' lang='lat' dir='ltr'>Co-</span> 
     </span>
     <span class='ocr_line' id='line_1_5' title="bbox 324 447 1264 499; baseline 0.01 -19"><span class='ocrx_word' id='word_1_40' title='bbox 324 455 427 482; x_wconf 84' lang='lat' dir='ltr'>metae</span> <span class='ocrx_word' id='word_1_41' title='bbox 435 447 528 494; x_wconf 77' lang='lat' dir='ltr'>prius</span> <span class='ocrx_word' id='word_1_42' title='bbox 538 449 664 483; x_wconf 78' lang='lat' dir='ltr'>comati</span> <span class='ocrx_word' id='word_1_43' title='bbox 673 459 731 484; x_wconf 88' lang='lat' dir='ltr'>aut</span> <span class='ocrx_word' id='word_1_44' title='bbox 739 452 884 490; x_wconf 76' lang='lat' dir='ltr'>caudari,</span> <span class='ocrx_word' id='word_1_45' title='bbox 893 451 997 499; x_wconf 85' lang='lat' dir='ltr'>glabri</span> <span class='ocrx_word' id='word_1_46' title='bbox 1007 453 1155 487; x_wconf 88' lang='lat' dir='ltr'>omnino</span> <span class='ocrx_word' id='word_1_47' title='bbox 1165 452 1264 489; x_wconf 86' lang='lat' dir='ltr'>fiunt.</span> 
     </span>
    </p>

    <p class='ocr_par' dir='ltr' id='par_1_3' title="bbox 313 498 2042 918">
     <span class='ocr_line' id='line_1_6' title="bbox 415 498 2039 550; baseline 0.004 -21"><span class='ocrx_word' id='word_1_48' title='bbox 415 498 548 543; x_wconf 77' lang='lat' dir='ltr'>Argues</span> <span class='ocrx_word' id='word_1_49' title='bbox 557 506 672 531; x_wconf 83' lang='lat' dir='ltr'>tamen</span> <span class='ocrx_word' id='word_1_50' title='bbox 681 498 795 533; x_wconf 84' lang='lat' dir='ltr'>adhuc</span> <span class='ocrx_word' id='word_1_51' title='bbox 804 509 924 534; x_wconf 89' lang='lat' dir='ltr'>contra</span> <span class='ocrx_word' id='word_1_52' title='bbox 933 498 1022 534; x_wconf 63' lang='lat' dir='ltr'>dicta</span> <span class='ocrx_word' id='word_1_53' title='bbox 1030 500 1159 547; x_wconf 81' lang='lat' dir='ltr'>primo:</span> <span class='ocrx_word' id='word_1_54' title='bbox 1185 503 1294 537; x_wconf 88' lang='lat' dir='ltr'>cauda</span> <span class='ocrx_word' id='word_1_55' title='bbox 1301 512 1449 538; x_wconf 86' lang='lat' dir='ltr'>cometae</span> <span class='ocrx_word' id='word_1_56' title='bbox 1459 502 1644 550; x_wconf 86' lang='lat' dir='ltr'>aliquando</span> <span class='ocrx_word' id='word_1_57' title='bbox 1657 515 1731 537; x_wconf 88' lang='lat' dir='ltr'>non</span> <span class='ocrx_word' id='word_1_58' title='bbox 1744 502 1893 537; x_wconf 87' lang='lat' dir='ltr'>omnino</span> <span class='ocrx_word' id='word_1_59' title='bbox 1904 502 1939 536; x_wconf 90' lang='lat' dir='ltr'>in</span> <span class='ocrx_word' id='word_1_60' title='bbox 1951 501 2039 537; x_wconf 89' lang='lat' dir='ltr'>dire-</span> 
     </span>
     <span class='ocr_line' id='line_1_7' title="bbox 316 540 2040 598; baseline 0.005 -22"><span class='ocrx_word' id='word_1_61' title='bbox 316 540 413 578; x_wconf 69' lang='lat' dir='ltr'>&amp;um</span> <span class='ocrx_word' id='word_1_62' title='bbox 423 543 510 578; x_wconf 83' lang='lat' dir='ltr'>Solis</span> <span class='ocrx_word' id='word_1_63' title='bbox 518 565 527 583; x_wconf 82' lang='lat'>‚</span> <span class='ocrx_word' id='word_1_64' title='bbox 542 544 597 579; x_wconf 84' lang='lat' dir='ltr'>sed</span> <span class='ocrx_word' id='word_1_65' title='bbox 614 544 833 581; x_wconf 64' lang='lat' dir='ltr'>deflectendo</span> <span class='ocrx_word' id='word_1_66' title='bbox 844 548 884 581; x_wconf 87' lang='lat' dir='ltr'>ab</span> <span class='ocrx_word' id='word_1_67' title='bbox 894 547 1052 595; x_wconf 86' lang='lat' dir='ltr'>oppofito</span> <span class='ocrx_word' id='word_1_68' title='bbox 1061 548 1096 583; x_wconf 89' lang='lat' dir='ltr'>in</span> <span class='ocrx_word' id='word_1_69' title='bbox 1104 548 1252 597; x_wconf 87' lang='lat' dir='ltr'>aliquam</span> <span class='ocrx_word' id='word_1_70' title='bbox 1259 560 1391 598; x_wconf 88' lang='lat' dir='ltr'>partem</span> <span class='ocrx_word' id='word_1_71' title='bbox 1400 548 1578 598; x_wconf 82' lang='lat' dir='ltr'>projicitur</span> <span class='ocrx_word' id='word_1_72' title='bbox 1589 573 1600 589; x_wconf 41' lang='grc' dir='ltr'><strong><em>τ</em></strong></span> <span class='ocrx_word' id='word_1_73' title='bbox 1609 561 1648 586; x_wconf 86' lang='lat' dir='ltr'>ut</span> <span class='ocrx_word' id='word_1_74' title='bbox 1656 554 1700 586; x_wconf 86' lang='lat' dir='ltr'>de</span> <span class='ocrx_word' id='word_1_75' title='bbox 1717 560 1856 586; x_wconf 88' lang='lat' dir='ltr'>cometa</span> <span class='ocrx_word' id='word_1_76' title='bbox 1872 562 1951 585; x_wconf 87' lang='lat' dir='ltr'>ann.</span> <span class='ocrx_word' id='word_1_77' title='bbox 1963 555 2040 594; x_wconf 86' lang='lat'><em>1558.</em></span> 
     </span>
     <span class='ocr_line' id='line_1_8' title="bbox 313 590 2042 646; baseline 0.005 -22"><span class='ocrx_word' id='word_1_78' title='bbox 313 590 471 626; x_wconf 74' lang='lat' dir='ltr'>observat</span> <span class='ocrx_word' id='word_1_79' title='bbox 502 592 749 628; x_wconf 72' lang='lat' dir='ltr'>Rothimnnus</span> <span class='ocrx_word' id='word_1_80' title='bbox 762 617 772 633; x_wconf 82' lang='lat'>‚</span> <span class='ocrx_word' id='word_1_81' title='bbox 806 596 851 629; x_wconf 84' lang='lat' dir='ltr'>de</span> <span class='ocrx_word' id='word_1_82' title='bbox 885 605 1026 631; x_wconf 86' lang='lat' dir='ltr'>cometa</span> <span class='ocrx_word' id='word_1_83' title='bbox 1051 597 1133 634; x_wconf 89' lang='lat' dir='ltr'>anni</span> <span class='ocrx_word' id='word_1_84' title='bbox 1164 608 1250 643; x_wconf 85' lang='lat'>1577.</span> <span class='ocrx_word' id='word_1_85' title='bbox 1280 608 1381 634; x_wconf 85' lang='lat' dir='ltr'>notat</span> <span class='ocrx_word' id='word_1_86' title='bbox 1403 599 1546 646; x_wconf 76' lang='lat' dir='ltr'>Tycho,</span> <span class='ocrx_word' id='word_1_87' title='bbox 1572 599 1608 635; x_wconf 72' lang='lat' dir='ltr'>&lt;Sc</span> <span class='ocrx_word' id='word_1_88' title='bbox 1624 601 1668 634; x_wconf 93' lang='lat' dir='ltr'>de</span> <span class='ocrx_word' id='word_1_89' title='bbox 1695 608 1835 634; x_wconf 89' lang='lat' dir='ltr'>cometa</span> <span class='ocrx_word' id='word_1_90' title='bbox 1859 610 1939 633; x_wconf 86' lang='lat' dir='ltr'>ann.</span> <span class='ocrx_word' id='word_1_91' title='bbox 1964 603 2042 642; x_wconf 87' lang='lat'>1518.</span> 
     </span>
     <span class='ocr_line' id='line_1_9' title="bbox 318 637 2042 700; baseline 0.005 -27"><span class='ocrx_word' id='word_1_92' title='bbox 318 637 427 674; x_wconf 79' lang='lat' dir='ltr'>afferit</span> <span class='ocrx_word' id='word_1_93' title='bbox 443 639 600 679; x_wconf 73' lang='lat' dir='ltr'>Snellius‚</span> <span class='ocrx_word' id='word_1_94' title='bbox 610 643 751 687; x_wconf 86' lang='lat' dir='ltr'>quando</span> <span class='ocrx_word' id='word_1_95' title='bbox 769 644 877 677; x_wconf 82' lang='lat' dir='ltr'>cauda</span> <span class='ocrx_word' id='word_1_96' title='bbox 887 655 960 679; x_wconf 87' lang='lat' dir='ltr'>non</span> <span class='ocrx_word' id='word_1_97' title='bbox 974 643 1210 681; x_wconf 75' lang='lat' dir='ltr'>illuminatura</span> <span class='ocrx_word' id='word_1_98' title='bbox 1218 647 1320 682; x_wconf 86' lang='lat' dir='ltr'>radiis</span> <span class='ocrx_word' id='word_1_99' title='bbox 1337 646 1510 682; x_wconf 74' lang='lat' dir='ltr'>solaribus.</span> <span class='ocrx_word' id='word_1_100' title='bbox 1561 646 1768 693; x_wconf 82' lang='lat' dir='ltr'>Respondeo</span> <span class='ocrx_word' id='word_1_101' title='bbox 1779 669 1790 685; x_wconf 83' lang='grc'>.,</span> <span class='ocrx_word' id='word_1_102' title='bbox 1806 646 1888 684; x_wconf 86' lang='lat' dir='ltr'>oriri</span> <span class='ocrx_word' id='word_1_103' title='bbox 1905 646 1977 682; x_wconf 82' lang='lat' dir='ltr'>hoc</span> <span class='ocrx_word' id='word_1_104' title='bbox 1999 657 2042 700; x_wconf 76' lang='lat' dir='ltr'>ex</span> 
     </span>
     <span class='ocr_line' id='line_1_10' title="bbox 318 687 2041 748; baseline 0.005 -27"><span class='ocrx_word' id='word_1_105' title='bbox 318 687 447 723; x_wconf 61' lang='lat' dir='ltr'>diversit</span> <span class='ocrx_word' id='word_1_106' title='bbox 456 687 563 736; x_wconf 76' lang='lat' dir='ltr'>figura</span> <span class='ocrx_word' id='word_1_107' title='bbox 572 699 735 729; x_wconf 76' lang='lat' dir='ltr'>cometae‚</span> <span class='ocrx_word' id='word_1_108' title='bbox 747 702 820 736; x_wconf 72' lang='lat' dir='ltr'>quae</span> <span class='ocrx_word' id='word_1_109' title='bbox 830 690 937 739; x_wconf 75' lang='lat' dir='ltr'>figura</span> <span class='ocrx_word' id='word_1_110' title='bbox 949 693 1060 728; x_wconf 85' lang='lat' dir='ltr'>causat</span> <span class='ocrx_word' id='word_1_111' title='bbox 1070 693 1234 729; x_wconf 85' lang='lat' dir='ltr'>diversam</span> <span class='ocrx_word' id='word_1_112' title='bbox 1242 695 1504 740; x_wconf 67' lang='lat' dir='ltr'>refractionem3</span> <span class='ocrx_word' id='word_1_113' title='bbox 1521 694 1586 731; x_wconf 80' lang='lat' dir='ltr'>five</span> <span class='ocrx_word' id='word_1_114' title='bbox 1607 696 1749 731; x_wconf 80' lang='lat' dir='ltr'>clarius:</span> <span class='ocrx_word' id='word_1_115' title='bbox 1764 694 1836 730; x_wconf 88' lang='lat' dir='ltr'>fieri</span> <span class='ocrx_word' id='word_1_116' title='bbox 1854 695 1944 733; x_wconf 78' lang='lat' dir='ltr'>hoc,</span> <span class='ocrx_word' id='word_1_117' title='bbox 1960 705 2041 748; x_wconf 60' lang='lat' dir='ltr'>quja</span> 
     </span>
     <span class='ocr_line' id='line_1_11' title="bbox 316 736 2040 791; baseline 0.004 -21"><span class='ocrx_word' id='word_1_118' title='bbox 316 736 430 770; x_wconf 83' lang='lat' dir='ltr'>radius</span> <span class='ocrx_word' id='word_1_119' title='bbox 441 737 689 783; x_wconf 69' lang='lat' dir='ltr'>propter-profu</span> <span class='ocrx_word' id='word_1_120' title='bbox 695 739 861 773; x_wconf 78' lang='lat' dir='ltr'>nditatem</span> <span class='ocrx_word' id='word_1_121' title='bbox 872 740 906 775; x_wconf 61' lang='grc' dir='ltr'>ὅ(</span> <span class='ocrx_word' id='word_1_122' title='bbox 914 740 1038 775; x_wconf 85' lang='lat' dir='ltr'>variam</span> <span class='ocrx_word' id='word_1_123' title='bbox 1050 742 1385 791; x_wconf 82' lang='lat' dir='ltr'>opacitatemcapitis</span> <span class='ocrx_word' id='word_1_124' title='bbox 1393 753 1540 779; x_wconf 81' lang='lat' dir='ltr'>cornetoe</span> <span class='ocrx_word' id='word_1_125' title='bbox 1554 744 1716 778; x_wconf 87' lang='lat' dir='ltr'>avertitur</span> <span class='ocrx_word' id='word_1_126' title='bbox 1731 766 1741 782; x_wconf 85' lang='lat'>‚</span> <span class='ocrx_word' id='word_1_127' title='bbox 1749 752 1789 778; x_wconf 86' lang='lat' dir='ltr'>ut</span> <span class='ocrx_word' id='word_1_128' title='bbox 1798 754 1871 778; x_wconf 91' lang='lat' dir='ltr'>non</span> <span class='ocrx_word' id='word_1_129' title='bbox 1887 752 1987 778; x_wconf 81' lang='lat' dir='ltr'>exeat</span> <span class='ocrx_word' id='word_1_130' title='bbox 2003 753 2040 777; x_wconf 83' lang='lat' dir='ltr'>in</span> 
     </span>
     <span class='ocr_line' id='line_1_12' title="bbox 315 783 2039 839; baseline 0.005 -22"><span class='ocrx_word' id='word_1_131' title='bbox 315 783 532 831; x_wconf 79' lang='lat' dir='ltr'>oppositum3</span> <span class='ocrx_word' id='word_1_132' title='bbox 557 785 708 832; x_wconf 80' lang='lat' dir='ltr'>ideoque</span> <span class='ocrx_word' id='word_1_133' title='bbox 717 786 799 821; x_wconf 82' lang='lat' dir='ltr'>[olet</span> <span class='ocrx_word' id='word_1_134' title='bbox 809 787 842 821; x_wconf 89' lang='lat' dir='ltr'>id</span> <span class='ocrx_word' id='word_1_135' title='bbox 854 789 992 823; x_wconf 83' lang='lat' dir='ltr'>evenire</span> <span class='ocrx_word' id='word_1_136' title='bbox 1002 789 1071 836; x_wconf 88' lang='lat' dir='ltr'>ipso</span> <span class='ocrx_word' id='word_1_137' title='bbox 1083 788 1191 825; x_wconf 89' lang='lat' dir='ltr'>statim</span> <span class='ocrx_word' id='word_1_138' title='bbox 1201 790 1321 831; x_wconf 76' lang='lat' dir='ltr'>initio,</span> <span class='ocrx_word' id='word_1_139' title='bbox 1331 792 1472 838; x_wconf 90' lang='lat' dir='ltr'>quando</span> <span class='ocrx_word' id='word_1_140' title='bbox 1481 793 1595 827; x_wconf 86' lang='lat' dir='ltr'>adhuc</span> <span class='ocrx_word' id='word_1_141' title='bbox 1605 791 1652 826; x_wconf 88' lang='lat' dir='ltr'>est</span> <span class='ocrx_word' id='word_1_142' title='bbox 1663 791 1805 839; x_wconf 79' lang='lat' dir='ltr'>opacior</span> <span class='ocrx_word' id='word_1_143' title='bbox 1828 790 1987 830; x_wconf 83' lang='lat' dir='ltr'>materia,</span> <span class='ocrx_word' id='word_1_144' title='bbox 2002 789 2039 826; x_wconf 69' lang='grc' dir='ltr'>ὃ(</span> 
     </span>
     <span class='ocr_line' id='line_1_13' title="bbox 313 831 2040 884; baseline 0.004 -17"><span class='ocrx_word' id='word_1_145' title='bbox 313 831 480 880; x_wconf 80' lang='lat' dir='ltr'>indigesta</span> <span class='ocrx_word' id='word_1_146' title='bbox 488 845 499 877; x_wconf 82' lang='lat'><em>3</em></span> <span class='ocrx_word' id='word_1_147' title='bbox 507 833 565 867; x_wconf 91' lang='lat' dir='ltr'>ubi</span> <span class='ocrx_word' id='word_1_148' title='bbox 575 843 691 868; x_wconf 85' lang='lat' dir='ltr'>autem</span> <span class='ocrx_word' id='word_1_149' title='bbox 701 835 853 882; x_wconf 79' lang='lat' dir='ltr'>opacitas</span> <span class='ocrx_word' id='word_1_150' title='bbox 871 836 924 872; x_wconf 83' lang='lat' dir='ltr'>illa</span> <span class='ocrx_word' id='word_1_151' title='bbox 936 836 1277 884; x_wconf 62' lang='lat' dir='ltr'>majoritattafuerit,</span> <span class='ocrx_word' id='word_1_152' title='bbox 1286 839 1375 875; x_wconf 83' lang='lat' dir='ltr'>laxat</span> <span class='ocrx_word' id='word_1_153' title='bbox 1390 840 1520 876; x_wconf 84' lang='lat' dir='ltr'>exitum</span> <span class='ocrx_word' id='word_1_154' title='bbox 1532 862 1542 880; x_wconf 83' lang='lat'><strong>‚</strong></span> <span class='ocrx_word' id='word_1_155' title='bbox 1562 839 1597 876; x_wconf 73' lang='grc' dir='ltr'>ὅ(</span> <span class='ocrx_word' id='word_1_156' title='bbox 1605 850 1690 875; x_wconf 88' lang='lat' dir='ltr'>tunc</span> <span class='ocrx_word' id='word_1_157' title='bbox 1700 839 1813 874; x_wconf 88' lang='lat' dir='ltr'>radius</span> <span class='ocrx_word' id='word_1_158' title='bbox 1823 839 1859 874; x_wconf 92' lang='lat' dir='ltr'>in</span> <span class='ocrx_word' id='word_1_159' title='bbox 1869 837 2040 874; x_wconf 64' lang='lat' dir='ltr'>diret‘lmm</span> 
     </span>
     <span class='ocr_line' id='line_1_14' title="bbox 316 889 1510 918; baseline 0.006 -2"><span class='ocrx_word' id='word_1_160' title='bbox 316 889 453 918; x_wconf 79' lang='lat' dir='ltr'>emicat.</span> <span class='ocrx_word' id='word_1_161' title='bbox 787 894 790 897; x_wconf 88' lang='grc'><strong>’</strong></span> <span class='ocrx_word' id='word_1_162' title='bbox 1505 897 1510 903; x_wconf 84' lang='grc'>’</span> 
     </span>
    </p>

    <p class='ocr_par' dir='ltr' id='par_1_4' title="bbox 303 928 2040 1711">
     <span class='ocr_line' id='line_1_15' title="bbox 411 928 2039 983; baseline 0.006 -21"><span class='ocrx_word' id='word_1_163' title='bbox 411 931 547 976; x_wconf 84' lang='lat' dir='ltr'>Argues</span> <span class='ocrx_word' id='word_1_164' title='bbox 556 928 727 967; x_wconf 75' lang='lat' dir='ltr'>secundo:</span> <span class='ocrx_word' id='word_1_165' title='bbox 752 931 794 966; x_wconf 80' lang='lat' dir='ltr'>Ec</span> <span class='ocrx_word' id='word_1_166' title='bbox 811 930 1036 979; x_wconf 77' lang='lat' dir='ltr'>estpotiffima</span> <span class='ocrx_word' id='word_1_167' title='bbox 1046 931 1217 980; x_wconf 72' lang='lat' dir='ltr'>objeffio,</span> <span class='ocrx_word' id='word_1_168' title='bbox 1233 934 1315 970; x_wconf 78' lang='lat' dir='ltr'>licet</span> <span class='ocrx_word' id='word_1_169' title='bbox 1324 935 1727 983; x_wconf 72' lang='lat' dir='ltr'>radiiperrefraffionem</span> <span class='ocrx_word' id='word_1_170' title='bbox 1747 932 1984 974; x_wconf 60' lang='lat' dir='ltr'>inflefi‘oemtur,</span> <span class='ocrx_word' id='word_1_171' title='bbox 2001 933 2039 971; x_wconf 87' lang='lat'>&amp;</span> 
     </span>
     <span class='ocr_line' id='line_1_16' title="bbox 312 975 2038 1031; baseline 0.005 -21"><span class='ocrx_word' id='word_1_172' title='bbox 312 975 441 1011; x_wconf 81' lang='lat' dir='ltr'>faciant</span> <span class='ocrx_word' id='word_1_173' title='bbox 448 976 612 1024; x_wconf 81' lang='lat' dir='ltr'>angulum</span> <span class='ocrx_word' id='word_1_174' title='bbox 620 999 630 1016; x_wconf 81' lang='lat'>,</span> <span class='ocrx_word' id='word_1_175' title='bbox 646 979 761 1014; x_wconf 85' lang='lat' dir='ltr'>adhuc</span> <span class='ocrx_word' id='word_1_176' title='bbox 769 990 886 1015; x_wconf 85' lang='lat' dir='ltr'>tamen</span> <span class='ocrx_word' id='word_1_177' title='bbox 897 993 1074 1029; x_wconf 86' lang='lat' dir='ltr'>nunquam</span> <span class='ocrx_word' id='word_1_178' title='bbox 1086 993 1319 1031; x_wconf 83' lang='lat' dir='ltr'>propagantur</span> <span class='ocrx_word' id='word_1_179' title='bbox 1328 984 1524 1031; x_wconf 87' lang='lat' dir='ltr'>perlineam</span> <span class='ocrx_word' id='word_1_180' title='bbox 1535 992 1674 1019; x_wconf 78' lang='lat' dir='ltr'>curvam</span> <span class='ocrx_word' id='word_1_181' title='bbox 1686 1005 1695 1022; x_wconf 80' lang='lat'><strong>‚</strong></span> <span class='ocrx_word' id='word_1_182' title='bbox 1722 982 1777 1018; x_wconf 93' lang='lat' dir='ltr'>sed</span> <span class='ocrx_word' id='word_1_183' title='bbox 1788 982 1896 1018; x_wconf 73' lang='lat' dir='ltr'>solum</span> <span class='ocrx_word' id='word_1_184' title='bbox 1907 994 1969 1030; x_wconf 87' lang='lat' dir='ltr'>per</span> <span class='ocrx_word' id='word_1_185' title='bbox 1982 993 2038 1018; x_wconf 85' lang='lat' dir='ltr'>re-</span> 
     </span>
     <span class='ocr_line' id='line_1_17' title="bbox 314 1023 2040 1079; baseline 0.004 -20"><span class='ocrx_word' id='word_1_186' title='bbox 314 1023 423 1063; x_wconf 70' lang='lat' dir='ltr'>&amp;arm</span> <span class='ocrx_word' id='word_1_187' title='bbox 440 1024 572 1059; x_wconf 78' lang='lat' dir='ltr'>constat</span> <span class='ocrx_word' id='word_1_188' title='bbox 581 1035 698 1061; x_wconf 87' lang='lat' dir='ltr'>autem</span> <span class='ocrx_word' id='word_1_189' title='bbox 711 1049 721 1066; x_wconf 86' lang='lat'>‚</span> <span class='ocrx_word' id='word_1_190' title='bbox 744 1027 840 1075; x_wconf 81' lang='lat' dir='ltr'>quod</span> <span class='ocrx_word' id='word_1_191' title='bbox 858 1028 941 1076; x_wconf 67' lang='lat' dir='ltr'>saepe</span> <span class='ocrx_word' id='word_1_192' title='bbox 955 1031 1147 1078; x_wconf 83' lang='lat' dir='ltr'>apparuerit</span> <span class='ocrx_word' id='word_1_193' title='bbox 1165 1032 1274 1066; x_wconf 86' lang='lat' dir='ltr'>cauda</span> <span class='ocrx_word' id='word_1_194' title='bbox 1283 1032 1536 1072; x_wconf 69' lang='lat' dir='ltr'>curva‚falcata</span> <span class='ocrx_word' id='word_1_195' title='bbox 1552 1031 1588 1067; x_wconf 75' lang='grc' dir='ltr'>ὅ(</span> <span class='ocrx_word' id='word_1_196' title='bbox 1604 1040 1734 1070; x_wconf 72' lang='lat' dir='ltr'>arcam,</span> <span class='ocrx_word' id='word_1_197' title='bbox 1762 1042 1858 1079; x_wconf 79' lang='lat' dir='ltr'>ergo,</span> <span class='ocrx_word' id='word_1_198' title='bbox 1886 1030 2040 1078; x_wconf 70' lang='lat' dir='ltr'>Respon-</span> 
     </span>
     <span class='ocr_line' id='line_1_18' title="bbox 312 1071 2038 1127; baseline 0.005 -21"><span class='ocrx_word' id='word_1_199' title='bbox 312 1073 392 1112; x_wconf 78' lang='lat' dir='ltr'>deo,</span> <span class='ocrx_word' id='word_1_200' title='bbox 403 1082 442 1107; x_wconf 92' lang='lat' dir='ltr'>ut</span> <span class='ocrx_word' id='word_1_201' title='bbox 453 1071 602 1119; x_wconf 76' lang='lat' dir='ltr'>superius</span> <span class='ocrx_word' id='word_1_202' title='bbox 610 1076 865 1116; x_wconf 77' lang='lat' dir='ltr'>annotavimus,</span> <span class='ocrx_word' id='word_1_203' title='bbox 876 1079 909 1112; x_wconf 88' lang='lat' dir='ltr'>id</span> <span class='ocrx_word' id='word_1_204' title='bbox 919 1079 999 1113; x_wconf 86' lang='lat' dir='ltr'>oriri</span> <span class='ocrx_word' id='word_1_205' title='bbox 1013 1090 1054 1114; x_wconf 83' lang='lat' dir='ltr'>ex</span> <span class='ocrx_word' id='word_1_206' title='bbox 1063 1078 1218 1114; x_wconf 86' lang='lat' dir='ltr'>sensuum</span> <span class='ocrx_word' id='word_1_207' title='bbox 1228 1079 1395 1118; x_wconf 81' lang='lat' dir='ltr'>illufione.</span> <span class='ocrx_word' id='word_1_208' title='bbox 1446 1081 1574 1127; x_wconf 85' lang='lat' dir='ltr'>Neque</span> <span class='ocrx_word' id='word_1_209' title='bbox 1583 1080 1675 1115; x_wconf 89' lang='lat' dir='ltr'>enim</span> <span class='ocrx_word' id='word_1_210' title='bbox 1688 1080 1735 1114; x_wconf 88' lang='lat' dir='ltr'>est</span> <span class='ocrx_word' id='word_1_211' title='bbox 1743 1090 1875 1114; x_wconf 89' lang='lat' dir='ltr'>novum</span> <span class='ocrx_word' id='word_1_212' title='bbox 1887 1101 1899 1119; x_wconf 82' lang='lat'><strong>‚</strong></span> <span class='ocrx_word' id='word_1_213' title='bbox 1907 1077 2038 1115; x_wconf 58' lang='lat' dir='ltr'>rectam</span> 
     </span>
     <span class='ocr_line' id='line_1_19' title="bbox 311 1120 2037 1177; baseline 0.005 -23"><span class='ocrx_word' id='word_1_214' title='bbox 311 1120 439 1155; x_wconf 86' lang='lat' dir='ltr'>lineam</span> <span class='ocrx_word' id='word_1_215' title='bbox 449 1121 700 1169; x_wconf 82' lang='lat' dir='ltr'>contemplanti</span> <span class='ocrx_word' id='word_1_216' title='bbox 709 1123 839 1172; x_wconf 70' lang='lat' dir='ltr'>alonge</span> <span class='ocrx_word' id='word_1_217' title='bbox 847 1127 954 1161; x_wconf 87' lang='lat' dir='ltr'>videri</span> <span class='ocrx_word' id='word_1_218' title='bbox 965 1139 1117 1162; x_wconf 85' lang='lat' dir='ltr'>curvam.</span> <span class='ocrx_word' id='word_1_219' title='bbox 1168 1127 1226 1163; x_wconf 89' lang='lat' dir='ltr'>Sic</span> <span class='ocrx_word' id='word_1_220' title='bbox 1233 1128 1470 1177; x_wconf 86' lang='lat' dir='ltr'>navigantibus</span> <span class='ocrx_word' id='word_1_221' title='bbox 1489 1129 1606 1164; x_wconf 84' lang='lat' dir='ltr'>littora</span> <span class='ocrx_word' id='word_1_222' title='bbox 1622 1129 1724 1163; x_wconf 88' lang='lat' dir='ltr'>etiam</span> <span class='ocrx_word' id='word_1_223' title='bbox 1743 1127 1834 1163; x_wconf 68' lang='lat' dir='ltr'>reeca</span> <span class='ocrx_word' id='word_1_224' title='bbox 1841 1127 1948 1164; x_wconf 86' lang='lat' dir='ltr'>videri</span> <span class='ocrx_word' id='word_1_225' title='bbox 1959 1139 2037 1163; x_wconf 91' lang='lat' dir='ltr'>cur-</span> 
     </span>
     <span class='ocr_line' id='line_1_20' title="bbox 307 1169 2036 1230; baseline 0.005 -28"><span class='ocrx_word' id='word_1_226' title='bbox 307 1179 362 1204; x_wconf 86' lang='lat' dir='ltr'>va.</span> <span class='ocrx_word' id='word_1_227' title='bbox 388 1169 489 1204; x_wconf 90' lang='lat' dir='ltr'>Ratio</span> <span class='ocrx_word' id='word_1_228' title='bbox 498 1180 582 1205; x_wconf 88' lang='lat' dir='ltr'>vero</span> <span class='ocrx_word' id='word_1_229' title='bbox 592 1171 610 1205; x_wconf 79' lang='lat' dir='ltr'>a</span> <span class='ocrx_word' id='word_1_230' title='bbox 618 1171 722 1218; x_wconf 88' lang='lat' dir='ltr'>priori</span> <span class='ocrx_word' id='word_1_231' title='bbox 731 1173 843 1220; x_wconf 86' lang='lat' dir='ltr'>potest</span> <span class='ocrx_word' id='word_1_232' title='bbox 852 1175 983 1210; x_wconf 83' lang='lat' dir='ltr'>desumi</span> <span class='ocrx_word' id='word_1_233' title='bbox 992 1187 1034 1210; x_wconf 84' lang='lat' dir='ltr'>ex</span> <span class='ocrx_word' id='word_1_234' title='bbox 1043 1174 1248 1211; x_wconf 83' lang='lat' dir='ltr'>definitione</span> <span class='ocrx_word' id='word_1_235' title='bbox 1258 1177 1357 1212; x_wconf 87' lang='lat' dir='ltr'>lineae</span> <span class='ocrx_word' id='word_1_236' title='bbox 1365 1177 1549 1217; x_wconf 85' lang='lat' dir='ltr'>circularis,</span> <span class='ocrx_word' id='word_1_237' title='bbox 1558 1186 1661 1224; x_wconf 86' lang='lat' dir='ltr'>atque</span> <span class='ocrx_word' id='word_1_238' title='bbox 1671 1177 1759 1211; x_wconf 83' lang='lat' dir='ltr'>adeo</span> <span class='ocrx_word' id='word_1_239' title='bbox 1769 1187 1881 1212; x_wconf 86' lang='lat' dir='ltr'>curvae</span> <span class='ocrx_word' id='word_1_240' title='bbox 1894 1188 1905 1220; x_wconf 83' lang='lat'>3</span> <span class='ocrx_word' id='word_1_241' title='bbox 1920 1176 2036 1230; x_wconf 78' lang='lat' dir='ltr'>omnis</span> 
     </span>
     <span class='ocr_line' id='line_1_21' title="bbox 311 1216 2036 1273; baseline 0.004 -21"><span class='ocrx_word' id='word_1_242' title='bbox 311 1217 406 1252; x_wconf 87' lang='lat' dir='ltr'>enim</span> <span class='ocrx_word' id='word_1_243' title='bbox 422 1217 529 1258; x_wconf 76' lang='lat' dir='ltr'>linea,</span> <span class='ocrx_word' id='word_1_244' title='bbox 540 1216 637 1264; x_wconf 80' lang='lat' dir='ltr'>cujus</span> <span class='ocrx_word' id='word_1_245' title='bbox 655 1231 779 1256; x_wconf 90' lang='lat' dir='ltr'>omnes</span> <span class='ocrx_word' id='word_1_246' title='bbox 787 1232 898 1268; x_wconf 82' lang='lat' dir='ltr'>partes</span> <span class='ocrx_word' id='word_1_247' title='bbox 915 1224 1013 1270; x_wconf 83' lang='lat' dir='ltr'>aeque</span> <span class='ocrx_word' id='word_1_248' title='bbox 1033 1223 1154 1260; x_wconf 87' lang='lat' dir='ltr'>distant</span> <span class='ocrx_word' id='word_1_249' title='bbox 1163 1225 1204 1259; x_wconf 88' lang='lat' dir='ltr'>ab</span> <span class='ocrx_word' id='word_1_250' title='bbox 1212 1225 1328 1272; x_wconf 89' lang='lat' dir='ltr'>aliquo</span> <span class='ocrx_word' id='word_1_251' title='bbox 1337 1225 1488 1272; x_wconf 59' lang='lat' dir='ltr'>punfi&#39;to,</span> <span class='ocrx_word' id='word_1_252' title='bbox 1505 1226 1601 1273; x_wconf 89' lang='lat' dir='ltr'>quod</span> <span class='ocrx_word' id='word_1_253' title='bbox 1616 1224 1663 1260; x_wconf 88' lang='lat' dir='ltr'>est</span> <span class='ocrx_word' id='word_1_254' title='bbox 1673 1234 1832 1259; x_wconf 83' lang='lat' dir='ltr'>centrum</span> <span class='ocrx_word' id='word_1_255' title='bbox 1843 1247 1854 1264; x_wconf 82' lang='lat'>,</span> <span class='ocrx_word' id='word_1_256' title='bbox 1870 1224 1917 1259; x_wconf 88' lang='lat' dir='ltr'>est</span> <span class='ocrx_word' id='word_1_257' title='bbox 1927 1235 2036 1260; x_wconf 82' lang='lat' dir='ltr'>crrcu-</span> 
     </span>
     <span class='ocr_line' id='line_1_22' title="bbox 306 1264 2035 1327; baseline 0.005 -27"><span class='ocrx_word' id='word_1_258' title='bbox 306 1264 395 1305; x_wconf 86' lang='lat' dir='ltr'>laris,</span> <span class='ocrx_word' id='word_1_259' title='bbox 405 1264 441 1301; x_wconf 85' lang='lat'>&amp;</span> <span class='ocrx_word' id='word_1_260' title='bbox 450 1277 565 1305; x_wconf 69' lang='lat' dir='ltr'>curva,</span> <span class='ocrx_word' id='word_1_261' title='bbox 576 1265 632 1301; x_wconf 82' lang='lat' dir='ltr'>sed</span> <span class='ocrx_word' id='word_1_262' title='bbox 642 1267 829 1316; x_wconf 83' lang='lat' dir='ltr'>aliquando</span> <span class='ocrx_word' id='word_1_263' title='bbox 840 1270 929 1306; x_wconf 87' lang='lat' dir='ltr'>linea</span> <span class='ocrx_word' id='word_1_264' title='bbox 937 1271 1028 1306; x_wconf 60' lang='lat' dir='ltr'>recta</span> <span class='ocrx_word' id='word_1_265' title='bbox 1036 1272 1147 1319; x_wconf 88' lang='lat' dir='ltr'>potest</span> <span class='ocrx_word' id='word_1_266' title='bbox 1157 1273 1201 1308; x_wconf 85' lang='lat' dir='ltr'>ita</span> <span class='ocrx_word' id='word_1_267' title='bbox 1208 1273 1317 1308; x_wconf 88' lang='lat' dir='ltr'>videri</span> <span class='ocrx_word' id='word_1_268' title='bbox 1327 1275 1345 1308; x_wconf 75' lang='lat' dir='ltr'>a</span> <span class='ocrx_word' id='word_1_269' title='bbox 1354 1273 1470 1322; x_wconf 76' lang='lat' dir='ltr'>longe,</span> <span class='ocrx_word' id='word_1_270' title='bbox 1479 1283 1517 1309; x_wconf 86' lang='lat' dir='ltr'>ut</span> <span class='ocrx_word' id='word_1_271' title='bbox 1529 1273 1651 1309; x_wconf 89' lang='lat' dir='ltr'>oculus</span> <span class='ocrx_word' id='word_1_272' title='bbox 1662 1284 1734 1307; x_wconf 86' lang='lat' dir='ltr'>non</span> <span class='ocrx_word' id='word_1_273' title='bbox 1744 1271 1927 1326; x_wconf 73' lang='lat' dir='ltr'>distinguat</span> <span class='ocrx_word' id='word_1_274' title='bbox 1935 1295 1946 1313; x_wconf 65' lang='lat'>2</span> <span class='ocrx_word' id='word_1_275' title='bbox 1958 1283 2035 1327; x_wconf 50' lang='lat' dir='ltr'>qu‘fe</span> 
     </span>
     <span class='ocr_line' id='line_1_23' title="bbox 307 1313 2034 1368; baseline 0.005 -21"><span class='ocrx_word' id='word_1_276' title='bbox 307 1324 385 1361; x_wconf 86' lang='lat' dir='ltr'>pars</span> <span class='ocrx_word' id='word_1_277' title='bbox 394 1313 431 1349; x_wconf 80' lang='lat' dir='ltr'>sit</span> <span class='ocrx_word' id='word_1_278' title='bbox 442 1313 628 1355; x_wconf 78' lang='lat' dir='ltr'>distantior,</span> <span class='ocrx_word' id='word_1_279' title='bbox 639 1315 759 1357; x_wconf 84' lang='lat' dir='ltr'>sedita,</span> <span class='ocrx_word' id='word_1_280' title='bbox 771 1327 810 1353; x_wconf 87' lang='lat' dir='ltr'>ut</span> <span class='ocrx_word' id='word_1_281' title='bbox 819 1330 943 1354; x_wconf 88' lang='lat' dir='ltr'>omnes</span> <span class='ocrx_word' id='word_1_282' title='bbox 951 1320 1133 1355; x_wconf 82' lang='lat' dir='ltr'>videantur</span> <span class='ocrx_word' id='word_1_283' title='bbox 1149 1332 1247 1368; x_wconf 83' lang='lat' dir='ltr'>aeque</span> <span class='ocrx_word' id='word_1_284' title='bbox 1255 1321 1374 1356; x_wconf 91' lang='lat' dir='ltr'>distare</span> <span class='ocrx_word' id='word_1_285' title='bbox 1382 1323 1422 1357; x_wconf 88' lang='lat' dir='ltr'>ab</span> <span class='ocrx_word' id='word_1_286' title='bbox 1431 1321 1536 1357; x_wconf 91' lang='lat' dir='ltr'>oculo</span> <span class='ocrx_word' id='word_1_287' title='bbox 1544 1344 1554 1362; x_wconf 65' lang='lat'>2</span> <span class='ocrx_word' id='word_1_288' title='bbox 1570 1322 1665 1357; x_wconf 83' lang='lat' dir='ltr'>unde</span> <span class='ocrx_word' id='word_1_289' title='bbox 1679 1331 1764 1357; x_wconf 88' lang='lat' dir='ltr'>tunc</span> <span class='ocrx_word' id='word_1_290' title='bbox 1785 1320 1963 1368; x_wconf 62' lang='lat' dir='ltr'>objectum</span> <span class='ocrx_word' id='word_1_291' title='bbox 1984 1332 2034 1356; x_wconf 79' lang='lat' dir='ltr'>vi-</span> 
     </span>
     <span class='ocr_line' id='line_1_24' title="bbox 309 1362 2034 1416; baseline 0.005 -20"><span class='ocrx_word' id='word_1_292' title='bbox 309 1363 446 1397; x_wconf 89' lang='lat' dir='ltr'>debitur</span> <span class='ocrx_word' id='word_1_293' title='bbox 454 1362 618 1398; x_wconf 87' lang='lat' dir='ltr'>circulare</span> <span class='ocrx_word' id='word_1_294' title='bbox 626 1363 662 1400; x_wconf 81' lang='lat'>&amp;</span> <span class='ocrx_word' id='word_1_295' title='bbox 670 1376 827 1405; x_wconf 83' lang='lat' dir='ltr'>curvum.</span> <span class='ocrx_word' id='word_1_296' title='bbox 877 1368 1042 1403; x_wconf 91' lang='lat' dir='ltr'>Secundo</span> <span class='ocrx_word' id='word_1_297' title='bbox 1052 1368 1164 1415; x_wconf 87' lang='lat' dir='ltr'>potest</span> <span class='ocrx_word' id='word_1_298' title='bbox 1174 1369 1252 1409; x_wconf 83' lang='lat' dir='ltr'>dici,</span> <span class='ocrx_word' id='word_1_299' title='bbox 1266 1370 1362 1416; x_wconf 90' lang='lat' dir='ltr'>quod</span> <span class='ocrx_word' id='word_1_300' title='bbox 1371 1379 1456 1405; x_wconf 90' lang='lat' dir='ltr'>tunc</span> <span class='ocrx_word' id='word_1_301' title='bbox 1473 1369 1596 1406; x_wconf 85' lang='lat' dir='ltr'>falcata</span> <span class='ocrx_word' id='word_1_302' title='bbox 1606 1379 1766 1416; x_wconf 85' lang='lat' dir='ltr'>appareat</span> <span class='ocrx_word' id='word_1_303' title='bbox 1784 1370 1910 1410; x_wconf 82' lang='lat' dir='ltr'>cauda,</span> <span class='ocrx_word' id='word_1_304' title='bbox 1925 1381 2034 1416; x_wconf 87' lang='lat' dir='ltr'>quan-</span> 
     </span>
     <span class='ocr_line' id='line_1_25' title="bbox 308 1409 2034 1465; baseline 0.005 -21"><span class='ocrx_word' id='word_1_305' title='bbox 308 1411 356 1445; x_wconf 88' lang='lat' dir='ltr'>do</span> <span class='ocrx_word' id='word_1_306' title='bbox 368 1410 440 1445; x_wconf 84' lang='lat' dir='ltr'>aliae</span> <span class='ocrx_word' id='word_1_307' title='bbox 448 1409 535 1445; x_wconf 86' lang='lat' dir='ltr'>illius</span> <span class='ocrx_word' id='word_1_308' title='bbox 543 1422 653 1457; x_wconf 77' lang='lat' dir='ltr'>partes</span> <span class='ocrx_word' id='word_1_309' title='bbox 663 1425 828 1462; x_wconf 86' lang='lat' dir='ltr'>apparent</span> <span class='ocrx_word' id='word_1_310' title='bbox 838 1415 991 1456; x_wconf 76' lang='lat' dir='ltr'>altiores,</span> <span class='ocrx_word' id='word_1_311' title='bbox 999 1416 1069 1451; x_wconf 81' lang='lat' dir='ltr'>aliae</span> <span class='ocrx_word' id='word_1_312' title='bbox 1078 1414 1304 1464; x_wconf 84' lang='lat' dir='ltr'>depreffiores</span> <span class='ocrx_word' id='word_1_313' title='bbox 1321 1430 1333 1463; x_wconf 82' lang='lat'>3</span> <span class='ocrx_word' id='word_1_314' title='bbox 1353 1427 1439 1454; x_wconf 88' lang='lat' dir='ltr'>tunc</span> <span class='ocrx_word' id='word_1_315' title='bbox 1457 1418 1550 1453; x_wconf 89' lang='lat' dir='ltr'>enim</span> <span class='ocrx_word' id='word_1_316' title='bbox 1561 1416 1600 1452; x_wconf 88' lang='lat' dir='ltr'>fit</span> <span class='ocrx_word' id='word_1_317' title='bbox 1614 1417 1770 1465; x_wconf 77' lang='lat' dir='ltr'>quaedam</span> <span class='ocrx_word' id='word_1_318' title='bbox 1779 1417 1867 1465; x_wconf 73' lang='lat' dir='ltr'>quali</span> <span class='ocrx_word' id='word_1_319' title='bbox 1875 1426 2034 1453; x_wconf 88' lang='lat' dir='ltr'>curvatu-</span> 
     </span>
     <span class='ocr_line' id='line_1_26' title="bbox 307 1459 2032 1520; baseline 0.004 -27"><span class='ocrx_word' id='word_1_320' title='bbox 307 1471 356 1497; x_wconf 51' lang='lat' dir='ltr'>ra·</span> <span class='ocrx_word' id='word_1_321' title='bbox 406 1459 514 1505; x_wconf 89' lang='lat' dir='ltr'>Atqui</span> <span class='ocrx_word' id='word_1_322' title='bbox 524 1470 635 1507; x_wconf 85' lang='lat' dir='ltr'>partes</span> <span class='ocrx_word' id='word_1_323' title='bbox 643 1461 724 1501; x_wconf 72' lang='lat' dir='ltr'>ilice,</span> <span class='ocrx_word' id='word_1_324' title='bbox 735 1474 810 1510; x_wconf 81' lang='lat' dir='ltr'>quae</span> <span class='ocrx_word' id='word_1_325' title='bbox 820 1463 895 1500; x_wconf 88' lang='lat' dir='ltr'>sunt</span> <span class='ocrx_word' id='word_1_326' title='bbox 903 1465 1083 1512; x_wconf 84' lang='lat' dir='ltr'>propiores</span> <span class='ocrx_word' id='word_1_327' title='bbox 1094 1465 1274 1513; x_wconf 66' lang='lat' dir='ltr'>spectanti,</span> <span class='ocrx_word' id='word_1_328' title='bbox 1291 1466 1598 1514; x_wconf 83' lang='lat' dir='ltr'>apparentaltiores</span> <span class='ocrx_word' id='word_1_329' title='bbox 1611 1488 1622 1505; x_wconf 77' lang='lat'>‚</span> <span class='ocrx_word' id='word_1_330' title='bbox 1647 1476 1722 1512; x_wconf 88' lang='lat' dir='ltr'>quae</span> <span class='ocrx_word' id='word_1_331' title='bbox 1732 1475 1817 1500; x_wconf 88' lang='lat' dir='ltr'>vero</span> <span class='ocrx_word' id='word_1_332' title='bbox 1825 1465 2032 1520; x_wconf 67' lang='lat' dir='ltr'>remotiores</span> 
     </span>
     <span class='ocr_line' id='line_1_27' title="bbox 305 1506 2033 1561; baseline 0.005 -21"><span class='ocrx_word' id='word_1_333' title='bbox 305 1506 393 1546; x_wconf 68' lang='lat' dir='ltr'>sunt,</span> <span class='ocrx_word' id='word_1_334' title='bbox 401 1518 567 1554; x_wconf 85' lang='lat' dir='ltr'>apparent</span> <span class='ocrx_word' id='word_1_335' title='bbox 585 1509 811 1556; x_wconf 83' lang='lat' dir='ltr'>depreffiores</span> <span class='ocrx_word' id='word_1_336' title='bbox 830 1534 841 1551; x_wconf 76' lang='lat'><em>‚</em></span> <span class='ocrx_word' id='word_1_337' title='bbox 852 1512 935 1547; x_wconf 73' lang='lat' dir='ltr'>sicut</span> <span class='ocrx_word' id='word_1_338' title='bbox 947 1513 1094 1561; x_wconf 86' lang='lat' dir='ltr'>inlonga</span> <span class='ocrx_word' id='word_1_339' title='bbox 1109 1514 1246 1560; x_wconf 87' lang='lat' dir='ltr'>porticu</span> <span class='ocrx_word' id='word_1_340' title='bbox 1255 1524 1448 1550; x_wconf 84' lang='lat' dir='ltr'>extremum</span> <span class='ocrx_word' id='word_1_341' title='bbox 1456 1513 1646 1550; x_wconf 84' lang='lat' dir='ltr'>tabulatum</span> <span class='ocrx_word' id='word_1_342' title='bbox 1663 1513 1860 1549; x_wconf 86' lang='lat' dir='ltr'>notabiliter</span> <span class='ocrx_word' id='word_1_343' title='bbox 1877 1513 2033 1548; x_wconf 79' lang='lat' dir='ltr'>inclinari</span> 
     </span>
     <span class='ocr_line' id='line_1_28' title="bbox 303 1556 2031 1610; baseline 0.005 -21"><span class='ocrx_word' id='word_1_344' title='bbox 303 1556 443 1590; x_wconf 84' lang='lat' dir='ltr'>videtur</span> <span class='ocrx_word' id='word_1_345' title='bbox 453 1568 464 1600; x_wconf 80' lang='lat'>3</span> <span class='ocrx_word' id='word_1_346' title='bbox 490 1556 571 1591; x_wconf 87' lang='lat' dir='ltr'>ideo</span> <span class='ocrx_word' id='word_1_347' title='bbox 581 1568 729 1593; x_wconf 74' lang='lat' dir='ltr'>cometae</span> <span class='ocrx_word' id='word_1_348' title='bbox 738 1561 848 1595; x_wconf 82' lang='lat' dir='ltr'>cauda</span> <span class='ocrx_word' id='word_1_349' title='bbox 859 1560 939 1596; x_wconf 82' lang='lat' dir='ltr'>licet</span> <span class='ocrx_word' id='word_1_350' title='bbox 947 1560 1037 1596; x_wconf 63' lang='lat' dir='ltr'>retra</span> <span class='ocrx_word' id='word_1_351' title='bbox 1047 1563 1178 1610; x_wconf 87' lang='lat' dir='ltr'>semger</span> <span class='ocrx_word' id='word_1_352' title='bbox 1187 1561 1235 1602; x_wconf 80' lang='lat' dir='ltr'>sit,</span> <span class='ocrx_word' id='word_1_353' title='bbox 1242 1562 1381 1598; x_wconf 86' lang='lat' dir='ltr'>videtur</span> <span class='ocrx_word' id='word_1_354' title='bbox 1390 1572 1508 1598; x_wconf 86' lang='lat' dir='ltr'>tamen</span> <span class='ocrx_word' id='word_1_355' title='bbox 1518 1562 1703 1609; x_wconf 87' lang='lat' dir='ltr'>aliquando</span> <span class='ocrx_word' id='word_1_356' title='bbox 1713 1572 1859 1597; x_wconf 87' lang='lat' dir='ltr'>arcuata.</span> <span class='ocrx_word' id='word_1_357' title='bbox 1891 1561 1959 1597; x_wconf 86' lang='lat' dir='ltr'>Vel</span> <span class='ocrx_word' id='word_1_358' title='bbox 1972 1564 2031 1597; x_wconf 89' lang='lat' dir='ltr'>de-</span> 
     </span>
     <span class='ocr_line' id='line_1_29' title="bbox 307 1603 2024 1659; baseline 0.003 -20"><span class='ocrx_word' id='word_1_359' title='bbox 307 1615 407 1639; x_wconf 90' lang='lat' dir='ltr'>mum</span> <span class='ocrx_word' id='word_1_360' title='bbox 416 1603 572 1651; x_wconf 81' lang='lat' dir='ltr'>potestid</span> <span class='ocrx_word' id='word_1_361' title='bbox 581 1606 739 1642; x_wconf 88' lang='lat' dir='ltr'>accidere</span> <span class='ocrx_word' id='word_1_362' title='bbox 761 1618 902 1656; x_wconf 87' lang='lat' dir='ltr'>propter</span> <span class='ocrx_word' id='word_1_363' title='bbox 924 1608 1169 1645; x_wconf 58' lang='lat' dir='ltr'>refractionem</span> <span class='ocrx_word' id='word_1_364' title='bbox 1184 1610 1362 1646; x_wconf 86' lang='lat' dir='ltr'>radiorum</span> <span class='ocrx_word' id='word_1_365' title='bbox 1375 1611 1410 1646; x_wconf 88' lang='lat' dir='ltr'>in</span> <span class='ocrx_word' id='word_1_366' title='bbox 1419 1610 1639 1659; x_wconf 85' lang='lat' dir='ltr'>capiteipfius</span> <span class='ocrx_word' id='word_1_367' title='bbox 1648 1619 1815 1650; x_wconf 85' lang='lat' dir='ltr'>cometae,</span> <span class='ocrx_word' id='word_1_368' title='bbox 1833 1621 1876 1645; x_wconf 93' lang='lat' dir='ltr'>eo</span> <span class='ocrx_word' id='word_1_369' title='bbox 1893 1610 2024 1651; x_wconf 85' lang='lat' dir='ltr'>modo,</span> 
     </span>
     <span class='ocr_line' id='line_1_30' title="bbox 309 1653 1905 1711; baseline 0.008 -25"><span class='ocrx_word' id='word_1_370' title='bbox 309 1663 381 1700; x_wconf 88' lang='lat' dir='ltr'>quo</span> <span class='ocrx_word' id='word_1_371' title='bbox 389 1663 506 1687; x_wconf 86' lang='lat' dir='ltr'>remus</span> <span class='ocrx_word' id='word_1_372' title='bbox 517 1653 552 1687; x_wconf 91' lang='lat' dir='ltr'>in</span> <span class='ocrx_word' id='word_1_373' title='bbox 560 1665 647 1701; x_wconf 89' lang='lat' dir='ltr'>aqua</span> <span class='ocrx_word' id='word_1_374' title='bbox 655 1654 780 1691; x_wconf 63' lang='lat' dir='ltr'>fractus</span> <span class='ocrx_word' id='word_1_375' title='bbox 797 1667 948 1704; x_wconf 84' lang='lat' dir='ltr'>apparet.</span> <span class='ocrx_word' id='word_1_376' title='bbox 1760 1694 1762 1697; x_wconf 79' lang='grc'>,</span> <span class='ocrx_word' id='word_1_377' title='bbox 1900 1706 1905 1711; x_wconf 95' lang='lat'>.</span> 
     </span>
    </p>

    <p class='ocr_par' dir='ltr' id='par_1_5' title="bbox 408 1699 2026 1755">
     <span class='ocr_line' id='line_1_31' title="bbox 408 1699 2026 1755; baseline 0.002 -19"><span class='ocrx_word' id='word_1_378' title='bbox 408 1699 576 1749; x_wconf 81' lang='lat' dir='ltr'>Colliges‚</span> <span class='ocrx_word' id='word_1_379' title='bbox 585 1704 680 1750; x_wconf 88' lang='lat' dir='ltr'>quod</span> <span class='ocrx_word' id='word_1_380' title='bbox 690 1703 725 1738; x_wconf 89' lang='lat' dir='ltr'>in</span> <span class='ocrx_word' id='word_1_381' title='bbox 733 1716 812 1739; x_wconf 89' lang='lat' dir='ltr'>com</span> <span class='ocrx_word' id='word_1_382' title='bbox 819 1706 879 1740; x_wconf 87' lang='lat' dir='ltr'>etis</span> <span class='ocrx_word' id='word_1_383' title='bbox 889 1705 1134 1755; x_wconf 23' lang='lat' dir='ltr'>sublunaribvuffi</span> <span class='ocrx_word' id='word_1_384' title='bbox 1148 1705 1303 1753; x_wconf 87' lang='lat' dir='ltr'>quifiunt</span> <span class='ocrx_word' id='word_1_385' title='bbox 1312 1706 1619 1754; x_wconf 76' lang='lat' dir='ltr'>peracceniionem</span> <span class='ocrx_word' id='word_1_386' title='bbox 1627 1729 1638 1748; x_wconf 86' lang='lat'>,</span> <span class='ocrx_word' id='word_1_387' title='bbox 1655 1706 1764 1743; x_wconf 83' lang='lat' dir='ltr'>cauda</span> <span class='ocrx_word' id='word_1_388' title='bbox 1772 1702 1874 1753; x_wconf 85' lang='lat' dir='ltr'>poffit</span> <span class='ocrx_word' id='word_1_389' title='bbox 1885 1705 2026 1741; x_wconf 78' lang='lat' dir='ltr'>formari</span> 
     </span>
    </p>
   </div>
   <div class='ocr_carea' id='block_1_3' title="bbox 308 1748 2087 1807">
    <p class='ocr_par' dir='ltr' id='par_1_6' title="bbox 308 1748 2087 1807">
     <span class='ocr_line' id='line_1_32' title="bbox 308 1748 2087 1807; baseline 0.003 -25"><span class='ocrx_word' id='word_1_390' title='bbox 308 1759 352 1783; x_wconf 82' lang='lat' dir='ltr'>ex</span> <span class='ocrx_word' id='word_1_391' title='bbox 359 1748 545 1796; x_wconf 80' lang='lat' dir='ltr'>vaporibus</span> <span class='ocrx_word' id='word_1_392' title='bbox 553 1751 700 1787; x_wconf 81' lang='lat' dir='ltr'>accensis</span> <span class='ocrx_word' id='word_1_393' title='bbox 710 1752 745 1787; x_wconf 90' lang='lat' dir='ltr'>in</span> <span class='ocrx_word' id='word_1_394' title='bbox 755 1752 901 1801; x_wconf 79' lang='lat' dir='ltr'>longum</span> <span class='ocrx_word' id='word_1_395' title='bbox 910 1754 1087 1802; x_wconf 75' lang='lat' dir='ltr'>protensis.</span> <span class='ocrx_word' id='word_1_396' title='bbox 1138 1756 1243 1790; x_wconf 86' lang='lat' dir='ltr'>Unde</span> <span class='ocrx_word' id='word_1_397' title='bbox 1250 1756 1455 1804; x_wconf 81' lang='lat' dir='ltr'>contingere</span> <span class='ocrx_word' id='word_1_398' title='bbox 1463 1756 1588 1804; x_wconf 85' lang='lat' dir='ltr'>potuit,</span> <span class='ocrx_word' id='word_1_399' title='bbox 1599 1755 1898 1802; x_wconf 84' lang='lat' dir='ltr'>quemadmodum</span> <span class='ocrx_word' id='word_1_400' title='bbox 1908 1753 2027 1790; x_wconf 88' lang='lat' dir='ltr'>Histo-</span> <span class='ocrx_word' id='word_1_401' title='bbox 2071 1774 2074 1807; x_wconf 51' lang='lat' dir='ltr'>j</span> <span class='ocrx_word' id='word_1_402' title='bbox 2086 1778 2087 1787; x_wconf 35' lang='lat' dir='ltr'>i</span> 
     </span>
    </p>
   </div>
   <div class='ocr_carea' id='block_1_4' title="bbox 298 1796 2028 1944">
    <p class='ocr_par' dir='ltr' id='par_1_7' title="bbox 298 1796 2028 1944">
     <span class='ocr_line' id='line_1_33' title="bbox 301 1796 1730 1847; baseline 0.003 -15"><span class='ocrx_word' id='word_1_403' title='bbox 301 1796 363 1833; x_wconf 87' lang='lat' dir='ltr'>rici</span> <span class='ocrx_word' id='word_1_404' title='bbox 371 1796 546 1837; x_wconf 86' lang='lat' dir='ltr'>testantur,</span> <span class='ocrx_word' id='word_1_405' title='bbox 555 1809 593 1834; x_wconf 84' lang='lat' dir='ltr'>ut</span> <span class='ocrx_word' id='word_1_406' title='bbox 600 1798 785 1847; x_wconf 90' lang='lat' dir='ltr'>aliquando</span> <span class='ocrx_word' id='word_1_407' title='bbox 804 1813 951 1838; x_wconf 75' lang='lat' dir='ltr'>cometae</span> <span class='ocrx_word' id='word_1_408' title='bbox 960 1801 1156 1837; x_wconf 85' lang='lat' dir='ltr'>sublunares</span> <span class='ocrx_word' id='word_1_409' title='bbox 1167 1802 1323 1839; x_wconf 90' lang='lat' dir='ltr'>scintillas</span> <span class='ocrx_word' id='word_1_410' title='bbox 1335 1805 1370 1838; x_wconf 90' lang='lat' dir='ltr'>in</span> <span class='ocrx_word' id='word_1_411' title='bbox 1379 1814 1504 1839; x_wconf 89' lang='lat' dir='ltr'>terram</span> <span class='ocrx_word' id='word_1_412' title='bbox 1515 1802 1730 1839; x_wconf 74' lang='lat' dir='ltr'>excusserint.</span> 
     </span>
     <span class='ocr_line' id='line_1_34' title="bbox 397 1845 2023 1900; baseline 0.002 -18"><span class='ocrx_word' id='word_1_413' title='bbox 397 1845 553 1894; x_wconf 86' lang='lat' dir='ltr'>Colliges</span> <span class='ocrx_word' id='word_1_414' title='bbox 564 1847 715 1883; x_wconf 80' lang='lat' dir='ltr'>secundo</span> <span class='ocrx_word' id='word_1_415' title='bbox 725 1861 768 1884; x_wconf 81' lang='lat' dir='ltr'>ex</span> <span class='ocrx_word' id='word_1_416' title='bbox 779 1850 941 1890; x_wconf 86' lang='lat' dir='ltr'>Hevelio‚</span> <span class='ocrx_word' id='word_1_417' title='bbox 953 1850 1088 1892; x_wconf 86' lang='lat' dir='ltr'>nullum</span> <span class='ocrx_word' id='word_1_418' title='bbox 1097 1861 1273 1887; x_wconf 86' lang='lat' dir='ltr'>cometam</span> <span class='ocrx_word' id='word_1_419' title='bbox 1288 1861 1430 1900; x_wconf 89' lang='lat' dir='ltr'>propter</span> <span class='ocrx_word' id='word_1_420' title='bbox 1439 1851 1667 1888; x_wconf 81' lang='lat' dir='ltr'>diverfitatem</span> <span class='ocrx_word' id='word_1_421' title='bbox 1680 1850 1842 1891; x_wconf 63' lang='lat' dir='ltr'>materiae,</span> <span class='ocrx_word' id='word_1_422' title='bbox 1852 1849 2023 1886; x_wconf 87' lang='lat' dir='ltr'>halituum</span> 
     </span>
     <span class='ocr_line' id='line_1_35' title="bbox 298 1892 2028 1944; baseline 0.003 -16"><span class='ocrx_word' id='word_1_423' title='bbox 298 1892 443 1935; x_wconf 79' lang='lat' dir='ltr'>scilicet,</span> <span class='ocrx_word' id='word_1_424' title='bbox 454 1894 734 1944; x_wconf 76' lang='lat' dir='ltr'>nucleorumque</span> <span class='ocrx_word' id='word_1_425' title='bbox 741 1910 820 1933; x_wconf 87' lang='lat' dir='ltr'>com</span> <span class='ocrx_word' id='word_1_426' title='bbox 827 1899 1043 1940; x_wconf 79' lang='lat' dir='ltr'>motionem,</span> <span class='ocrx_word' id='word_1_427' title='bbox 1059 1909 1136 1935; x_wconf 91' lang='lat' dir='ltr'>tum</span> <span class='ocrx_word' id='word_1_428' title='bbox 1154 1900 1257 1935; x_wconf 88' lang='lat' dir='ltr'>etiam</span> <span class='ocrx_word' id='word_1_429' title='bbox 1268 1898 1521 1937; x_wconf 79' lang='lat' dir='ltr'>diveriiffimam</span> <span class='ocrx_word' id='word_1_430' title='bbox 1533 1900 1724 1936; x_wconf 85' lang='lat' dir='ltr'>distantiam</span> <span class='ocrx_word' id='word_1_431' title='bbox 1739 1909 1885 1935; x_wconf 84' lang='lat' dir='ltr'>cornetae</span> <span class='ocrx_word' id='word_1_432' title='bbox 1905 1900 1924 1934; x_wconf 77' lang='lat' dir='ltr'>a</span> <span class='ocrx_word' id='word_1_433' title='bbox 1938 1908 2028 1934; x_wconf 88' lang='lat' dir='ltr'>terra</span> 
     </span>
    </p>
   </div>
   <div class='ocr_carea' id='block_1_5' title="bbox 298 1941 2071 2055">
    <p class='ocr_par' dir='ltr' id='par_1_8' title="bbox 298 1941 2071 2055">
     <span class='ocr_line' id='line_1_36' title="bbox 298 1941 2071 1995; baseline 0.004 -19"><span class='ocrx_word' id='word_1_434' title='bbox 298 1941 474 1982; x_wconf 78' lang='lat' dir='ltr'>colorem,</span> <span class='ocrx_word' id='word_1_435' title='bbox 488 1941 679 1992; x_wconf 69' lang='lat' dir='ltr'>lumenque</span> <span class='ocrx_word' id='word_1_436' title='bbox 691 1945 888 1986; x_wconf 81' lang='lat' dir='ltr'>suum,licet</span> <span class='ocrx_word' id='word_1_437' title='bbox 896 1948 967 1983; x_wconf 89' lang='lat' dir='ltr'>hoc</span> <span class='ocrx_word' id='word_1_438' title='bbox 975 1948 1110 1995; x_wconf 84' lang='lat' dir='ltr'>prorsus</span> <span class='ocrx_word' id='word_1_439' title='bbox 1120 1948 1139 1983; x_wconf 71' lang='lat' dir='ltr'>a</span> <span class='ocrx_word' id='word_1_440' title='bbox 1154 1948 1392 1990; x_wconf 80' lang='lat' dir='ltr'>Solehauriat,</span> <span class='ocrx_word' id='word_1_441' title='bbox 1416 1949 1511 1984; x_wconf 87' lang='lat' dir='ltr'>illum</span> <span class='ocrx_word' id='word_1_442' title='bbox 1535 1949 1619 1984; x_wconf 80' lang='lat' dir='ltr'>vero</span> <span class='ocrx_word' id='word_1_443' title='bbox 1640 1948 1697 1983; x_wconf 80' lang='lat' dir='ltr'>etsi</span> <span class='ocrx_word' id='word_1_444' title='bbox 1710 1959 1753 1983; x_wconf 86' lang='lat' dir='ltr'>ex</span> <span class='ocrx_word' id='word_1_445' title='bbox 1774 1948 1880 1983; x_wconf 88' lang='lat' dir='ltr'>unico</span> <span class='ocrx_word' id='word_1_446' title='bbox 1888 1948 2025 1983; x_wconf 80' lang='lat' dir='ltr'>tantum</span> <span class='ocrx_word' id='word_1_447' title='bbox 2069 1960 2071 1962; x_wconf 92' lang='lat'>·</span> 
     </span>
     <span class='ocr_line' id='line_1_37' title="bbox 298 1989 2069 2055; baseline 0.003 -29"><span class='ocrx_word' id='word_1_448' title='bbox 298 1989 440 2026; x_wconf 87' lang='lat' dir='ltr'>Planeta</span> <span class='ocrx_word' id='word_1_449' title='bbox 452 1991 618 2033; x_wconf 80' lang='lat' dir='ltr'>deducat,</span> <span class='ocrx_word' id='word_1_450' title='bbox 634 1994 900 2043; x_wconf 88' lang='lat' dir='ltr'>constanterper</span> <span class='ocrx_word' id='word_1_451' title='bbox 914 2006 1030 2031; x_wconf 90' lang='lat' dir='ltr'>totum</span> <span class='ocrx_word' id='word_1_452' title='bbox 1044 1996 1265 2044; x_wconf 86' lang='lat' dir='ltr'>apparitionis</span> <span class='ocrx_word' id='word_1_453' title='bbox 1279 2007 1416 2045; x_wconf 89' lang='lat' dir='ltr'>tempus</span> <span class='ocrx_word' id='word_1_454' title='bbox 1432 1996 1634 2033; x_wconf 88' lang='lat' dir='ltr'>conservare</span> <span class='ocrx_word' id='word_1_455' title='bbox 1642 1994 1738 2044; x_wconf 77' lang='lat' dir='ltr'>posse</span> <span class='ocrx_word' id='word_1_456' title='bbox 1748 2019 1760 2035; x_wconf 83' lang='lat'>‚</span> <span class='ocrx_word' id='word_1_457' title='bbox 1771 1995 1827 2031; x_wconf 91' lang='lat' dir='ltr'>sed</span> <span class='ocrx_word' id='word_1_458' title='bbox 1835 1993 1964 2032; x_wconf 76' lang='lat' dir='ltr'>affidue</span> <span class='ocrx_word' id='word_1_459' title='bbox 1973 1995 2024 2031; x_wconf 88' lang='lat' dir='ltr'>lu-</span> <span class='ocrx_word' id='word_1_460' title='bbox 2066 2040 2069 2055; x_wconf 22' lang='grc' dir='ltr'><em>ξ</em></span> 
     </span>
    </p>
   </div>
   <div class='ocr_carea' id='block_1_6' title="bbox 297 2038 2024 2140">
    <p class='ocr_par' dir='ltr' id='par_1_9' title="bbox 297 2038 2024 2140">
     <span class='ocr_line' id='line_1_38' title="bbox 297 2038 2024 2092; baseline 0.004 -20"><span class='ocrx_word' id='word_1_461' title='bbox 297 2050 402 2078; x_wconf 86' lang='lat' dir='ltr'>men,</span> <span class='ocrx_word' id='word_1_462' title='bbox 424 2038 580 2076; x_wconf 89' lang='lat' dir='ltr'>colorem</span> <span class='ocrx_word' id='word_1_463' title='bbox 590 2063 599 2081; x_wconf 87' lang='lat'><strong>‚</strong></span> <span class='ocrx_word' id='word_1_464' title='bbox 617 2041 836 2090; x_wconf 75' lang='lat' dir='ltr'>formamque</span> <span class='ocrx_word' id='word_1_465' title='bbox 847 2045 966 2091; x_wconf 88' lang='lat' dir='ltr'>capitis</span> <span class='ocrx_word' id='word_1_466' title='bbox 980 2055 1161 2092; x_wconf 87' lang='lat' dir='ltr'>eapropter</span> <span class='ocrx_word' id='word_1_467' title='bbox 1176 2054 1311 2089; x_wconf 87' lang='lat' dir='ltr'>mutare</span> <span class='ocrx_word' id='word_1_468' title='bbox 1327 2068 1338 2086; x_wconf 66' lang='lat'>2</span> <span class='ocrx_word' id='word_1_469' title='bbox 1370 2045 1406 2082; x_wconf 73' lang='lat' dir='ltr'>&lt;Sc</span> <span class='ocrx_word' id='word_1_470' title='bbox 1422 2045 1564 2080; x_wconf 73' lang='lat' dir='ltr'>nonnisi</span> <span class='ocrx_word' id='word_1_471' title='bbox 1574 2045 1677 2080; x_wconf 88' lang='lat' dir='ltr'>certis</span> <span class='ocrx_word' id='word_1_472' title='bbox 1686 2044 1892 2092; x_wconf 88' lang='lat' dir='ltr'>quibusdam</span> <span class='ocrx_word' id='word_1_473' title='bbox 1903 2044 2024 2080; x_wconf 90' lang='lat' dir='ltr'>diebus</span> 
     </span>
     <span class='ocr_line' id='line_1_39' title="bbox 301 2086 1157 2140; baseline 0.008 -19"><span class='ocrx_word' id='word_1_474' title='bbox 301 2086 534 2134; x_wconf 80' lang='lat' dir='ltr'>splendidiori,</span> <span class='ocrx_word' id='word_1_475' title='bbox 542 2090 739 2130; x_wconf 82' lang='lat' dir='ltr'>amoeniori,</span> <span class='ocrx_word' id='word_1_476' title='bbox 748 2091 784 2127; x_wconf 85' lang='lat'>&amp;</span> <span class='ocrx_word' id='word_1_477' title='bbox 791 2089 913 2138; x_wconf 86' lang='lat' dir='ltr'>majori</span> <span class='ocrx_word' id='word_1_478' title='bbox 922 2092 1032 2140; x_wconf 83' lang='lat' dir='ltr'>specie</span> <span class='ocrx_word' id='word_1_479' title='bbox 1038 2093 1157 2129; x_wconf 89' lang='lat' dir='ltr'>videri.</span> 
     </span>
    </p>
   </div>
   <div class='ocr_carea' id='block_1_7' title="bbox 401 2135 2063 2188">
    <p class='ocr_par' dir='ltr' id='par_1_10' title="bbox 401 2135 2063 2188">
     <span class='ocr_line' id='line_1_40' title="bbox 401 2135 2063 2188; baseline 0.004 -17"><span class='ocrx_word' id='word_1_480' title='bbox 401 2135 555 2184; x_wconf 85' lang='lat' dir='ltr'>Colliges</span> <span class='ocrx_word' id='word_1_481' title='bbox 563 2139 684 2174; x_wconf 75' lang='lat' dir='ltr'>tertio:</span> <span class='ocrx_word' id='word_1_482' title='bbox 711 2140 796 2188; x_wconf 86' lang='lat' dir='ltr'>Qo</span> <span class='ocrx_word' id='word_1_483' title='bbox 807 2141 916 2176; x_wconf 85' lang='lat' dir='ltr'>altiori</span> <span class='ocrx_word' id='word_1_484' title='bbox 925 2141 1006 2177; x_wconf 89' lang='lat' dir='ltr'>loco</span> <span class='ocrx_word' id='word_1_485' title='bbox 1017 2151 1163 2177; x_wconf 84' lang='lat' dir='ltr'>cometae</span> <span class='ocrx_word' id='word_1_486' title='bbox 1173 2141 1320 2177; x_wconf 88' lang='lat' dir='ltr'>existunt</span> <span class='ocrx_word' id='word_1_487' title='bbox 1332 2165 1343 2182; x_wconf 83' lang='lat'>,</span> <span class='ocrx_word' id='word_1_488' title='bbox 1366 2142 1410 2178; x_wconf 79' lang='grc' dir='ltr'>εὸ</span> <span class='ocrx_word' id='word_1_489' title='bbox 1430 2142 1539 2178; x_wconf 83' lang='lat' dir='ltr'>cauda</span> <span class='ocrx_word' id='word_1_490' title='bbox 1556 2140 1743 2176; x_wconf 73' lang='lat' dir='ltr'>necessario</span> <span class='ocrx_word' id='word_1_491' title='bbox 1753 2140 1870 2175; x_wconf 89' lang='lat' dir='ltr'>minor</span> <span class='ocrx_word' id='word_1_492' title='bbox 1878 2151 2021 2188; x_wconf 77' lang='lat' dir='ltr'>compa·</span> <span class='ocrx_word' id='word_1_493' title='bbox 2062 2178 2063 2181; x_wconf 64' lang='grc'>,</span> 
     </span>
    </p>
   </div>
   <div class='ocr_carea' id='block_1_8' title="bbox 303 2179 2021 2286">
    <p class='ocr_par' dir='ltr' id='par_1_11' title="bbox 303 2179 2021 2286">
     <span class='ocr_line' id='line_1_41' title="bbox 304 2179 2021 2244; baseline 0.003 -27"><span class='ocrx_word' id='word_1_494' title='bbox 304 2182 412 2228; x_wconf 81' lang='lat' dir='ltr'>rebit3</span> <span class='ocrx_word' id='word_1_495' title='bbox 438 2183 474 2219; x_wconf 90' lang='lat' dir='ltr'>in</span> <span class='ocrx_word' id='word_1_496' title='bbox 482 2183 640 2221; x_wconf 69' lang='lat' dir='ltr'>altissimo</span> <span class='ocrx_word' id='word_1_497' title='bbox 648 2198 732 2222; x_wconf 89' lang='lat' dir='ltr'>vero</span> <span class='ocrx_word' id='word_1_498' title='bbox 742 2189 870 2224; x_wconf 69' lang='lat' dir='ltr'>aethere</span> <span class='ocrx_word' id='word_1_499' title='bbox 881 2201 926 2224; x_wconf 91' lang='lat' dir='ltr'>ne</span> <span class='ocrx_word' id='word_1_500' title='bbox 936 2191 1078 2237; x_wconf 88' lang='lat' dir='ltr'>quidem</span> <span class='ocrx_word' id='word_1_501' title='bbox 1088 2189 1156 2225; x_wconf 85' lang='lat' dir='ltr'>ulla</span> <span class='ocrx_word' id='word_1_502' title='bbox 1171 2190 1255 2238; x_wconf 77' lang='lat' dir='ltr'>saepe</span> <span class='ocrx_word' id='word_1_503' title='bbox 1265 2202 1468 2239; x_wconf 87' lang='lat' dir='ltr'>comparere</span> <span class='ocrx_word' id='word_1_504' title='bbox 1475 2190 1603 2238; x_wconf 87' lang='lat' dir='ltr'>poterit</span> <span class='ocrx_word' id='word_1_505' title='bbox 1613 2203 1623 2234; x_wconf 80' lang='lat'><em>3</em></span> <span class='ocrx_word' id='word_1_506' title='bbox 1639 2201 1717 2224; x_wconf 87' lang='lat' dir='ltr'>nam</span> <span class='ocrx_word' id='word_1_507' title='bbox 1738 2200 1809 2236; x_wconf 90' lang='lat' dir='ltr'>quo</span> <span class='ocrx_word' id='word_1_508' title='bbox 1819 2179 1929 2224; x_wconf 82' lang='lat' dir='ltr'>al‘tiori</span> <span class='ocrx_word' id='word_1_509' title='bbox 1937 2188 2021 2244; x_wconf 68' lang='lat' dir='ltr'>loco</span> 
     </span>
     <span class='ocr_line' id='line_1_42' title="bbox 303 2233 2019 2286; baseline 0.003 -20"><span class='ocrx_word' id='word_1_510' title='bbox 303 2241 444 2267; x_wconf 84' lang='lat' dir='ltr'>cometa</span> <span class='ocrx_word' id='word_1_511' title='bbox 452 2233 579 2274; x_wconf 72' lang='lat' dir='ltr'>existit,</span> <span class='ocrx_word' id='word_1_512' title='bbox 587 2246 631 2270; x_wconf 91' lang='lat' dir='ltr'>eo</span> <span class='ocrx_word' id='word_1_513' title='bbox 639 2234 698 2270; x_wconf 85' lang='lat' dir='ltr'>Sol</span> <span class='ocrx_word' id='word_1_514' title='bbox 707 2238 814 2285; x_wconf 82' lang='lat' dir='ltr'>magis</span> <span class='ocrx_word' id='word_1_515' title='bbox 822 2237 897 2285; x_wconf 91' lang='lat' dir='ltr'>post</span> <span class='ocrx_word' id='word_1_516' title='bbox 905 2238 1011 2286; x_wconf 89' lang='lat' dir='ltr'>ipsum</span> <span class='ocrx_word' id='word_1_517' title='bbox 1029 2249 1154 2286; x_wconf 90' lang='lat' dir='ltr'>corpus</span> <span class='ocrx_word' id='word_1_518' title='bbox 1170 2239 1383 2274; x_wconf 88' lang='lat' dir='ltr'>cometicum</span> <span class='ocrx_word' id='word_1_519' title='bbox 1403 2240 1548 2274; x_wconf 85' lang='lat' dir='ltr'>caudam</span> <span class='ocrx_word' id='word_1_520' title='bbox 1563 2238 1795 2286; x_wconf 86' lang='lat' dir='ltr'>producendo</span> <span class='ocrx_word' id='word_1_521' title='bbox 1819 2236 2019 2273; x_wconf 82' lang='lat' dir='ltr'>occultabit.</span> 
     </span>
    </p>
   </div>
   <div class='ocr_carea' id='block_1_9' title="bbox 295 2279 2069 2335">
    <p class='ocr_par' dir='ltr' id='par_1_12' title="bbox 295 2279 2069 2335">
     <span class='ocr_line' id='line_1_43' title="bbox 295 2279 2069 2335; baseline 0.004 -22"><span class='ocrx_word' id='word_1_522' title='bbox 295 2279 337 2314; x_wconf 87' lang='lat' dir='ltr'>In</span> <span class='ocrx_word' id='word_1_523' title='bbox 354 2279 515 2316; x_wconf 77' lang='lat' dir='ltr'>altissimo</span> <span class='ocrx_word' id='word_1_524' title='bbox 529 2292 645 2318; x_wconf 83' lang='lat' dir='ltr'>autern</span> <span class='ocrx_word' id='word_1_525' title='bbox 659 2284 787 2320; x_wconf 87' lang='lat' dir='ltr'>aethere</span> <span class='ocrx_word' id='word_1_526' title='bbox 802 2308 811 2323; x_wconf 78' lang='lat'>‚</span> <span class='ocrx_word' id='word_1_527' title='bbox 838 2286 920 2321; x_wconf 79' lang='lat' dir='ltr'>curn</span> <span class='ocrx_word' id='word_1_528' title='bbox 943 2288 988 2322; x_wconf 92' lang='lat' dir='ltr'>ob</span> <span class='ocrx_word' id='word_1_529' title='bbox 1007 2287 1121 2322; x_wconf 76' lang='lat' dir='ltr'>minus</span> <span class='ocrx_word' id='word_1_530' title='bbox 1144 2288 1370 2335; x_wconf 88' lang='lat' dir='ltr'>reputandam</span> <span class='ocrx_word' id='word_1_531' title='bbox 1384 2287 1574 2323; x_wconf 83' lang='lat' dir='ltr'>distantiam</span> <span class='ocrx_word' id='word_1_532' title='bbox 1585 2286 1823 2322; x_wconf 85' lang='lat' dir='ltr'>Solis&amp;terrae</span> <span class='ocrx_word' id='word_1_533' title='bbox 1832 2285 1922 2321; x_wconf 89' lang='lat' dir='ltr'>linea</span> <span class='ocrx_word' id='word_1_534' title='bbox 1931 2286 2019 2321; x_wconf 88' lang='lat' dir='ltr'>dire-</span> <span class='ocrx_word' id='word_1_535' title='bbox 2068 2295 2069 2298; x_wconf 51' lang='lat'>¹</span> 
     </span>
    </p>
   </div>
   <div class='ocr_carea' id='block_1_10' title="bbox 298 2327 2020 2626">
    <p class='ocr_par' dir='ltr' id='par_1_13' title="bbox 298 2327 2020 2626">
     <span class='ocr_line' id='line_1_44' title="bbox 298 2327 2020 2384; baseline 0.004 -22"><span class='ocrx_word' id='word_1_536' title='bbox 298 2327 425 2363; x_wconf 67' lang='lat' dir='ltr'>&amp;ionis</span> <span class='ocrx_word' id='word_1_537' title='bbox 436 2331 552 2365; x_wconf 85' lang='lat' dir='ltr'>caudae</span> <span class='ocrx_word' id='word_1_538' title='bbox 563 2331 581 2366; x_wconf 73' lang='lat' dir='ltr'>a</span> <span class='ocrx_word' id='word_1_539' title='bbox 591 2331 672 2367; x_wconf 89' lang='lat' dir='ltr'>Sole</span> <span class='ocrx_word' id='word_1_540' title='bbox 683 2344 744 2380; x_wconf 92' lang='lat' dir='ltr'>per</span> <span class='ocrx_word' id='word_1_541' title='bbox 752 2345 878 2382; x_wconf 90' lang='lat' dir='ltr'>corpus</span> <span class='ocrx_word' id='word_1_542' title='bbox 887 2345 1032 2370; x_wconf 86' lang='lat' dir='ltr'>cometae</span> <span class='ocrx_word' id='word_1_543' title='bbox 1041 2335 1210 2383; x_wconf 65' lang='lat' dir='ltr'>produc&#39;ta</span> <span class='ocrx_word' id='word_1_544' title='bbox 1217 2334 1276 2371; x_wconf 87' lang='lat' dir='ltr'>fiat</span> <span class='ocrx_word' id='word_1_545' title='bbox 1283 2336 1426 2384; x_wconf 88' lang='lat' dir='ltr'>propius</span> <span class='ocrx_word' id='word_1_546' title='bbox 1445 2334 1600 2383; x_wconf 87' lang='lat' dir='ltr'>parallela</span> <span class='ocrx_word' id='word_1_547' title='bbox 1614 2333 1856 2370; x_wconf 77' lang='lat' dir='ltr'>lineaevifionis</span> <span class='ocrx_word' id='word_1_548' title='bbox 1865 2334 1900 2369; x_wconf 91' lang='lat' dir='ltr'>in</span> <span class='ocrx_word' id='word_1_549' title='bbox 1911 2344 1998 2369; x_wconf 85' lang='lat' dir='ltr'>terra</span> <span class='ocrx_word' id='word_1_550' title='bbox 2007 2347 2020 2380; x_wconf 78' lang='lat'><em>3</em></span> 
     </span>
     <span class='ocr_line' id='line_1_45' title="bbox 298 2376 2016 2432; baseline 0.003 -21"><span class='ocrx_word' id='word_1_551' title='bbox 298 2376 381 2414; x_wconf 81' lang='lat' dir='ltr'>ideo</span> <span class='ocrx_word' id='word_1_552' title='bbox 392 2378 500 2412; x_wconf 87' lang='lat' dir='ltr'>cauda</span> <span class='ocrx_word' id='word_1_553' title='bbox 508 2378 691 2415; x_wconf 82' lang='lat' dir='ltr'>necessario</span> <span class='ocrx_word' id='word_1_554' title='bbox 705 2381 780 2428; x_wconf 87' lang='lat' dir='ltr'>post</span> <span class='ocrx_word' id='word_1_555' title='bbox 790 2382 898 2430; x_wconf 90' lang='lat' dir='ltr'>ipsum</span> <span class='ocrx_word' id='word_1_556' title='bbox 910 2394 1036 2430; x_wconf 86' lang='lat' dir='ltr'>corpus</span> <span class='ocrx_word' id='word_1_557' title='bbox 1046 2384 1259 2419; x_wconf 88' lang='lat' dir='ltr'>cometicurn</span> <span class='ocrx_word' id='word_1_558' title='bbox 1268 2383 1422 2432; x_wconf 57' lang='lat' dir='ltr'>projecta</span> <span class='ocrx_word' id='word_1_559' title='bbox 1429 2385 1512 2420; x_wconf 91' lang='lat' dir='ltr'>visui</span> <span class='ocrx_word' id='word_1_560' title='bbox 1521 2394 1660 2419; x_wconf 88' lang='lat' dir='ltr'>terreno</span> <span class='ocrx_word' id='word_1_561' title='bbox 1669 2394 1784 2431; x_wconf 84' lang='lat' dir='ltr'>patere</span> <span class='ocrx_word' id='word_1_562' title='bbox 1791 2394 1864 2417; x_wconf 90' lang='lat' dir='ltr'>non</span> <span class='ocrx_word' id='word_1_563' title='bbox 1877 2383 2016 2430; x_wconf 87' lang='lat' dir='ltr'>poterit.</span> 
     </span>
     <span class='ocr_line' id='line_1_46' title="bbox 299 2424 2015 2480; baseline 0.003 -21"><span class='ocrx_word' id='word_1_564' title='bbox 299 2424 350 2460; x_wconf 88' lang='lat' dir='ltr'>Ita</span> <span class='ocrx_word' id='word_1_565' title='bbox 358 2426 520 2462; x_wconf 87' lang='lat' dir='ltr'>credibile</span> <span class='ocrx_word' id='word_1_566' title='bbox 537 2426 593 2467; x_wconf 86' lang='lat' dir='ltr'>est,</span> <span class='ocrx_word' id='word_1_567' title='bbox 604 2428 624 2463; x_wconf 79' lang='lat' dir='ltr'>fi</span> <span class='ocrx_word' id='word_1_568' title='bbox 633 2427 732 2464; x_wconf 86' lang='lat' dir='ltr'>stellae</span> <span class='ocrx_word' id='word_1_569' title='bbox 740 2431 976 2466; x_wconf 82' lang='lat' dir='ltr'>remotisfimae</span> <span class='ocrx_word' id='word_1_570' title='bbox 994 2431 1203 2467; x_wconf 87' lang='lat' dir='ltr'>firmamenti</span> <span class='ocrx_word' id='word_1_571' title='bbox 1211 2433 1324 2467; x_wconf 90' lang='lat' dir='ltr'>radios</span> <span class='ocrx_word' id='word_1_572' title='bbox 1335 2433 1457 2468; x_wconf 88' lang='lat' dir='ltr'>solares</span> <span class='ocrx_word' id='word_1_573' title='bbox 1465 2429 1574 2478; x_wconf 82' lang='lat' dir='ltr'>trajici</span> <span class='ocrx_word' id='word_1_574' title='bbox 1596 2432 1836 2480; x_wconf 84' lang='lat' dir='ltr'>permitterent</span> <span class='ocrx_word' id='word_1_575' title='bbox 1845 2430 1929 2466; x_wconf 81' lang='lat' dir='ltr'>licut</span> <span class='ocrx_word' id='word_1_576' title='bbox 1937 2442 2015 2466; x_wconf 89' lang='lat' dir='ltr'>cor-</span> 
     </span>
     <span class='ocr_line' id='line_1_47' title="bbox 345 2475 1967 2527; baseline 0.002 -17"><span class='ocrx_word' id='word_1_577' title='bbox 345 2485 431 2522; x_wconf 88' lang='lat' dir='ltr'>pora</span> <span class='ocrx_word' id='word_1_578' title='bbox 440 2475 630 2521; x_wconf 78' lang='lat' dir='ltr'>cometica3</span> <span class='ocrx_word' id='word_1_579' title='bbox 648 2479 743 2525; x_wconf 91' lang='lat' dir='ltr'>quod</span> <span class='ocrx_word' id='word_1_580' title='bbox 753 2478 889 2527; x_wconf 74' lang='lat' dir='ltr'>fingulae</span> <span class='ocrx_word' id='word_1_581' title='bbox 898 2480 917 2515; x_wconf 72' lang='lat' dir='ltr'>a</span> <span class='ocrx_word' id='word_1_582' title='bbox 926 2479 1007 2515; x_wconf 91' lang='lat' dir='ltr'>Sole</span> <span class='ocrx_word' id='word_1_583' title='bbox 1018 2480 1218 2515; x_wconf 87' lang='lat' dir='ltr'>collustratae</span> <span class='ocrx_word' id='word_1_584' title='bbox 1226 2481 1393 2517; x_wconf 89' lang='lat' dir='ltr'>haberent</span> <span class='ocrx_word' id='word_1_585' title='bbox 1401 2481 1476 2527; x_wconf 88' lang='lat' dir='ltr'>post</span> <span class='ocrx_word' id='word_1_586' title='bbox 1492 2480 1524 2516; x_wconf 89' lang='lat' dir='ltr'>se</span> <span class='ocrx_word' id='word_1_587' title='bbox 1532 2481 1657 2516; x_wconf 85' lang='lat' dir='ltr'>caudas</span> <span class='ocrx_word' id='word_1_588' title='bbox 1667 2502 1677 2519; x_wconf 64' lang='lat'>2</span> <span class='ocrx_word' id='word_1_589' title='bbox 1696 2490 1771 2527; x_wconf 86' lang='lat' dir='ltr'>quae</span> <span class='ocrx_word' id='word_1_590' title='bbox 1779 2489 1897 2514; x_wconf 86' lang='lat' dir='ltr'>tamen</span> <span class='ocrx_word' id='word_1_591' title='bbox 1908 2479 1967 2514; x_wconf 77' lang='lat' dir='ltr'>hic</span> 
     </span>
     <span class='ocr_line' id='line_1_48' title="bbox 543 2524 1770 2566; baseline 0.002 -5"><span class='ocrx_word' id='word_1_592' title='bbox 543 2524 709 2562; x_wconf 82' lang='lat' dir='ltr'>intellure</span> <span class='ocrx_word' id='word_1_593' title='bbox 726 2526 745 2562; x_wconf 80' lang='lat' dir='ltr'>a</span> <span class='ocrx_word' id='word_1_594' title='bbox 761 2528 863 2564; x_wconf 89' lang='lat' dir='ltr'>nobis</span> <span class='ocrx_word' id='word_1_595' title='bbox 873 2529 919 2564; x_wconf 91' lang='lat' dir='ltr'>ob</span> <span class='ocrx_word' id='word_1_596' title='bbox 928 2527 1130 2563; x_wconf 88' lang='lat' dir='ltr'>immensam</span> <span class='ocrx_word' id='word_1_597' title='bbox 1141 2528 1330 2565; x_wconf 87' lang='lat' dir='ltr'>distantiam</span> <span class='ocrx_word' id='word_1_598' title='bbox 1342 2529 1553 2566; x_wconf 85' lang='lat' dir='ltr'>obstantibus</span> <span class='ocrx_word' id='word_1_599' title='bbox 1563 2539 1682 2564; x_wconf 86' lang='lat' dir='ltr'>earum</span> <span class='ocrx_word' id='word_1_600' title='bbox 1693 2538 1770 2564; x_wconf 87' lang='lat' dir='ltr'>cor-</span> 
     </span>
     <span class='ocr_line' id='line_1_49' title="bbox 915 2576 1418 2626; baseline 0.002 -14"><span class='ocrx_word' id='word_1_601' title='bbox 915 2577 1058 2625; x_wconf 88' lang='lat' dir='ltr'>poribus</span> <span class='ocrx_word' id='word_1_602' title='bbox 1066 2577 1257 2614; x_wconf 87' lang='lat' dir='ltr'>viderinon</span> <span class='ocrx_word' id='word_1_603' title='bbox 1271 2576 1418 2626; x_wconf 79' lang='lat' dir='ltr'>poffent.</span> 
     </span>
    </p>
   </div>
   <div class='ocr_carea' id='block_1_11' title="bbox 845 2744 1449 2881">
    <p class='ocr_par' dir='ltr' id='par_1_14' title="bbox 845 2744 1449 2881">
     <span class='ocr_line' id='line_1_50' title="bbox 845 2744 1449 2881; baseline -0.003 -39"><span class='ocrx_word' id='word_1_604' title='bbox 845 2744 1449 2881; x_wconf 39' lang='lat' dir='ltr'>&amp;QQQQ</span> 
     </span>
    </p>
   </div>
   <div class='ocr_carea' id='block_1_12' title="bbox 1834 3195 2003 3246">
    <p class='ocr_par' dir='ltr' id='par_1_15' title="bbox 1834 3195 2003 3246">
     <span class='ocr_line' id='line_1_51' title="bbox 1834 3195 2003 3246; baseline 0.012 -2"><span class='ocrx_word' id='word_1_605' title='bbox 1834 3195 2003 3246; x_wconf 84' lang='lat' dir='ltr'>CON-</span> 
     </span>
    </p>
   </div>
  </div>
 </body>
</html>
