2087 3610
13 89 17 146 ἰ

0 162 16 234 l

0 302 13 407 l

655 229 1221 302 Philosophico-Politica.
1676 257 1763 309 253

7 295 13 331 l
54 307 348 359 Reperituretiam
363 305 488 342 flavum
499 305 599 342 instar
614 307 728 344 butvri
743 309 864 349 molle,
881 312 976 356 quod
986 311 1020 345 in
1030 312 1107 346 soro
1117 310 1292 366 Vuicanip
1300 322 1410 359 prope
1420 311 1605 358 Neapolim
1618 314 1760 350 foditur.

54 359 177 395 Rerert
186 355 408 395 Matthiolus‚
426 355 457 390 se
471 355 556 390 illud
570 347 701 395 vidisse,
717 357 956 398 contreetass'e,
970 358 1126 407 gustaffe,
1140 371 1399 407 necquicquam
1410 371 1561 406 unquam
1580 364 1686 410 magis
1703 365 1761 398 ad·

53 405 259 444 ssricstorium
276 403 472 451 percepili'e.
523 402 577 438 Est
591 403 729 439 alumen
739 406 841 440 etiam
854 405 1039 446 factitium,
1053 409 1149 455 quod
1166 406 1204 442 fit
1213 419 1255 442 ex
1269 408 1366 442 omni
1381 407 1468 455 aqua
1481 407 1762 458 aluminola3pri-

51 467 151 492 mum
167 453 351 488 incortinis
359 451 476 492 coela,
491 461 566 486 tum
582 453 712 487 deinde
727 465 786 500 per
799 453 933 489 canales
949 454 1274 495 dusta,'concre1eit
1286 456 1378 490 enim
1393 455 1542 503 aquail:a
1558 458 1591 491 in
1610 458 1760 498 alumen,

52 504 150 552 quod
165 501 238 550 ipris
246 501 415 536 canalium
430 500 591 536 lateribus
604 501 772 540 adhaeret,
785 502 900 537 &hoc
917 501 963 537 est
978 503 1135 543 alumen,
1150 505 1248 551 quod
1256 504 1362 552 vulgo
1378 507 1465 550 Rupis
1479 514 1615 540 vocant.
1681 508 1759 542 Sac.

51 551 234 589 charinum
242 560 285 584 ex
298 549 448 584 alumine
463 549 609 588 Rochae,
623 548 954 585 albumineovorum
965 573 974 590 ,
987 551 1021 588 ὅ(
1032 563 1119 599 aqua
1133 550 1304 592 rosarum,
1321 554 1355 587 in
1363 551 1472 587 mass‘ae
1494 553 1673 588 turbinatae
1688 555 1758 589 for-

50 597 319 638 mam,lacchari
335 597 434 631 instar
443 595 628 648 effingitur:
680 598 766 633 usus
783 598 941 634 aluminis
957 601 1068 634 varius
1079 599 1125 634 est
1139 600 1253 648 primo
1271 612 1360 647 aqua
1376 601 1489 640 fortis,
1506 612 1608 649 quam
1619 600 1760 650 stygiam

48 656 196 686 vocant,
209 656 252 681 ex
265 645 423 681 aluminis
431 645 594 693 portione
608 648 646 680 nt
661 658 672 689 3
686 646 770 681 illud
785 647 877 681 enim
892 646 964 681 satis
977 649 1066 683 acria
1075 648 1275 696 corpuscula
1287 649 1492 696 suppeditat.
1541 649 1706 685 Secundo
1716 661 1758 685 ae-

47 697 94 734 tis
106 695 265 731 colorem
279 693 560 742 aquaaluminosa
568 694 731 729 conciliat
745 705 756 732 z
770 695 873 730 tertio
888 694 1012 730 librarii
1027 696 1252 732 aluminosum
1266 709 1390 743 aquam
1404 697 1571 732 adhibent
1583 719 1594 736 ,
1609 707 1647 733 ut
1661 699 1758 733 char-

48 753 84 782 ta
97 745 179 780 inde
195 743 326 778 imbuta
340 742 464 777 fortior
478 743 600 777 evadat
614 764 625 782 ,
649 752 687 777 ut
703 742 855 790 superius
867 745 1110 780 annotavimus
1123 767 1132 785 ,
1146 745 1262 792 rigore
1276 745 1363 780 illius
1384 745 1545 780 mollities
1559 746 1684 781 chartae
1699 747 1758 781 ad-

30 792 231 840 stringitur.
282 788 491 826 Aurificibus
505 801 648 837 quoque
663 790 735 826 usui
751 790 814 831 est,
834 803 915 827 cum
934 803 976 827 ex
991 793 1149 828 aluminis
1159 793 1324 840 portione
1340 792 1488 840 illaaqua
1502 794 1599 828 fortis
1614 794 1759 829 destille-

26 843 27 846 ’
47 850 121 881 tur,
135 850 240 888 quam
253 838 469 922 separationis
482 848 621 874 vocant.
671 839 831 887 Denique
845 839 928 875 lanis
937 840 1110 889 tingendis
1125 840 1180 876 vel
1196 839 1387 877 inficiendis
1402 840 1541 876 alumen
1553 841 1667 882 servit,
1678 843 1757 890 quia

298 898 307 922 ι

45 887 249 940 corpulcula
262 886 283 922 il
311 898 350 924 us
365 897 506 923 texturae
521 886 622 923 facile
629 887 822 929 adhaerent,
831 887 1018 937 secumque
1032 889 1192 926 colorum
1209 889 1386 938 pigmenta
1399 891 1553 925 tenacius
1569 890 1756 938 implicant,

45 937 83 974 ὰ
96 937 153 973 aih
164 945 252 972 ‘unt-

144 951 334 1022 &onclufio
350 982 508 1022 secunda.
557 983 698 1018 Nitrum
717 985 881 1031 (quodin
896 984 1206 1033 quaestionepriore
1216 984 1461 1031 definivimus)
1481 985 1534 1020 seu
1546 985 1754 1026 salinitrium,

43 1033 255 1072 halinitrium
271 1031 326 1067 seu
344 1031 384 1066 sal
399 1043 502 1079 petrae
514 1054 525 1071 ,
541 1032 615 1067 haec
630 1033 723 1066 enim
740 1044 802 1078 pro
818 1034 944 1068 eodem
959 1034 1195 1069 communiter
1207 1035 1424 1082 accipiuntur
1438 1055 1448 1073 ,
1465 1033 1555 1069 aliud
1571 1033 1682 1070 follile
1695 1059 1705 1075 ,
1721 1048 1754 1070 a·

41 1080 117 1120 liud
126 1081 314 1118 factitium:
329 1079 411 1115 illud
427 1080 586 1115 educitur
594 1091 636 1115 ex
651 1081 777 1116 fodinis
790 1081 845 1116 vel
862 1082 1044 1117 efflorescit
1059 1082 1093 1116 in
1111 1082 1177 1129 ipsa
1194 1082 1369 1129 superficie
1385 1082 1560 1122 terrae,vel
1576 1084 1753 1129 aquae‚vel

40 1130 233 1168 adnascitur
243 1127 463 1165 subterraneis
476 1129 619 1163 cameris
629 1128 682 1163 leu
691 1129 877 1165 fornicibus
885 1131 927 1164 ad
938 1129 1243 1166 inliarostrearum.
1295 1129 1595 1166 Fattitiumautem
1606 1130 1753 1168 efficitur

43 1191 88 1217 ex
101 1191 190 1228 aqua
204 1177 344 1217 nitrosa,
360 1174 468 1224 qualis
485 1176 531 1211 est
539 1187 626 1224 aqua
641 1176 712 1212 Nili
727 1199 738 1216 ,
756 1188 832 1225 quae
846 1178 1037 1214 concrescit
1050 1179 1084 1213 in
1102 1180 1230 1214 nitrum
1248 1202 1257 1218 ,
1273 1180 1421 1214 derivata
1438 1180 1472 1213 in
1488 1180 1650 1214 nitrarias.
1702 1181 1753 1216 Fit

42 1229 148 1265 etiam
162 1237 206 1264 ex
219 1225 336 1261 lixivio
349 1224 472 1261 cineris
475 1224 660 1308 fiuercini,
674 1224 728 1260 vel
744 1236 841 1261 terrae
863 1226 996 1262 nitrosae
1010 1249 1021 1267 ,
1035 1227 1088 1263 vel
1104 1227 1199 1266 fimi,
1223 1227 1276 1262 vel
1298 1238 1394 1262 terra:
1416 1226 1528 1262 multo
1548 1227 1696 1264 stercore
1716 1229 1754 1265 ὅ(

38 1276 150 1314 multa
163 1275 260 1311 urina
273 1273 426 1309 subactae.
518 1272 591 1308 ulto
607 1273 687 1322 igne
695 1273 844 1314 constat,
859 1275 1044 1323 quialacile
1059 1277 1278 1316 accenditur,
1289 1278 1382 1311 unde
1390 1276 1500 1323 pulvis
1508 1277 1752 1313 tormentarius

41 1337 86 1362 ex
97 1326 190 1361 nitro
203 1321 398 1360 conficitur.
450 1321 600 1357 Includit
613 1332 730 1357 tamen
743 1322 871 1371 aliquid
885 1323 1061 1363 humoris,
1078 1335 1149 1372 quo
1159 1324 1212 1364 fit,
1232 1335 1269 1359 ut
1284 1324 1381 1360 facile
1396 1325 1536 1359 abeatin
1546 1323 1655 1362 ssatus,
1704 1327 1751 1361 A-

41 1373 189 1422 spersum
197 1372 299 1407 etiam
315 1379 418 1406 aceto
427 1370 561 1410 ebullit,
574 1370 732 1418 analogia
746 1371 792 1406 est
807 1372 841 1407 in
857 1371 961 1408 calce.
1011 1372 1196 1418 Singularis
1210 1372 1297 1408 illius
1313 1374 1500 1421 proprietas
1517 1373 1563 1407 cst
1578 1373 1751 1409 summum

39 1423 148 1472 frigus
162 1417 439 1457 conciliarevino
446 1418 500 1453 vel
512 1429 607 1466 aquae
616 1431 628 1463 3
640 1418 662 1453 ii
671 1419 763 1454 enim
772 1419 891 1469 lagena
898 1421 1004 1456 vitrea
1013 1443 1023 1461 ,
1034 1419 1131 1468 cujus
1141 1421 1270 1457 collum
1280 1421 1317 1456 fit
1327 1421 1463 1470 longius
1471 1422 1506 1457 ὅ(
1515 1432 1636 1457 venter
1645 1421 1750 1469 sphae-

40 1471 145 1510 ricus,
154 1470 241 1504 intra
251 1467 293 1503 stul
308 1467 439 1503 nitrum
452 1468 561 1514 probe
573 1467 692 1502 tritum
706 1467 881 1508 volvatur,
897 1469 1018 1504 vinum
1037 1470 1169 1505 intense
1183 1469 1326 1518 frigefit,
1340 1471 1437 1517 quod
1454 1469 1529 1504 sanc*-
1544 1471 1671 1505 mirum
1685 1470 1750 1509 est,

41 1518 124 1556 cum
140 1516 289 1555 constat,
303 1515 388 1551 illud
405 1515 514 1551 multa
529 1515 655 1550 virtute
673 1516 773 1564 ignea
782 1515 848 1552 else
857 1518 1048 1564 praeditum.
1098 1518 1309 1554 Faecundum
1333 1519 1435 1553 etiam
1450 1517 1496 1553 est
1511 1540 1521 1557 ,
1539 1520 1634 1553 unde
1651 1528 1749 1554 terrae

39 1565 173 1604 nitrolir:
182 1564 450 1600 suntuberiores.
504 1563 544 1599 ln
558 1564 652 1600 clivis
663 1564 882 1600 Macedoniae
890 1565 1064 1613 optimum
1073 1566 1140 1608 est,
1156 1566 1379 1602 Calastricum
1388 1576 1518 1602 vocant
1528 1589 1538 1605 ,
1547 1567 1748 1607 candidum,

38 1615 308 1665 proximumque
317 1611 382 1648 lali.
431 1611 545 1649 Lacus
560 1611 608 1647 est
620 1612 767 1648 nitrosus
777 1613 936 1649 exiliente
944 1615 963 1648 e
972 1614 1089 1650 medio
1098 1614 1189 1650 dulci
1198 1614 1380 1652 fonticulo,
1433 1615 1481 1650 fit
1490 1615 1533 1650 ibi
1544 1615 1671 1650 nitrum
1680 1616 1747 1651 cir.

37 1662 308 1701 cacanisortum
323 1662 470 1696 novenis
478 1661 615 1700 diebus,
629 1658 972 1709 totidemquecessat,
988 1674 1028 1698 ac
1037 1662 1168 1698 rursum
1186 1663 1362 1699 innatat&
1378 1663 1506 1699 deinde
1515 1662 1626 1700 ceffat.
1680 1663 1748 1698 lllis

37 1721 156 1748 autem
171 1711 308 1750 diebus,
323 1709 447 1757 quibus
461 1709 628 1758 gignitur,
645 1708 772 1745 sifuere
786 1710 1043 1750 imbres,salsius
1057 1711 1186 1748 nitrum
1205 1712 1339 1747 faciunt
1353 1735 1364 1752 ,
1376 1711 1569 1760 Aquilones
1584 1712 1747 1752 deterius,

36 1761 118 1809 quia
126 1759 269 1794 validius
281 1768 511 1794 commovent
522 1757 655 1795 limum.
704 1758 844 1806 AEgypti
854 1758 912 1794 suo
923 1759 1013 1795 nitro
1022 1761 1195 1809 raphanos
1202 1759 1438 1809 aspergebant,
1448 1771 1521 1795 non
1529 1760 1624 1795 aliter
1631 1772 1671 1796 ac
1681 1772 1746 1795 nos

35 1809 111 1846 lale.
121 1807 338 1844 Macedones
347 1805 474 1853 aliquid
484 1805 711 1841 deCalastraeo
720 1810 762 1841 ad
772 1807 914 1842 farinam
923 1809 1149 1849 addunt,cum
1159 1818 1293 1848 eum,ut
1302 1809 1425 1845 iaciant
1433 1807 1690 1857 panermlubigu
1696 1818 1744 1844 nt.

135 1854 325 1892 Conclusio
339 1855 448 1890 tertia.
498 1855 659 1890 Bitumen
672 1853 720 1890 est
729 1854 847 1891 succus
855 1865 972 1896 terrae,
985 1856 1313 1904 lentus,tenax,pici
1324 1857 1745 1906 limili5,iacilli1neignem

35 1905 252 1953 concipiens,
302 1902 476 1938 Estdurum
487 1903 524 1938 (ῥ’
535 1902 695 1948 lr'qus'dum.
749 1905 884 1939 Durum
895 1927 906 1943 ,
919 1906 1016 1952 quod
1031 1905 1153 1941 fortius
1162 1915 1368 1941 concretum
1385 1905 1421 1941 ὅ(
1437 1915 1540 1940 tenax
1555 1904 1602 1940 est
1616 1927 1626 1945 ‚
1645 1905 1746 1941 instar

34 1964 153 1992 terreae
162 1951 313 2002 glebae&
329 1952 512 1987 carborum
528 1961 676 1998 apparet.
741 1950 857 1998 Hujus
877 1953 1014 2002 generis
1030 1953 1106 1988 [unt
1121 1954 1292 2000 Asphalms,
1308 1953 1519 2001 l’iffasphaltus,
1534 1955 1744 1998 o'rfhccinum.

34 2001 217 2051 Asphaltus
235 1999 283 2036 est
296 2000 453 2035 bitumen
463 1999 650 2047 nigricans,
663 1999 730 2046 pici
746 1999 850 2036 limile
862 2022 872 2040 ,
893 2001 947 2036 sed
963 2001 1080 2036 durius
1095 2002 1131 2038 &
1147 2003 1254 2050 magis
1271 2001 1475 2050 inspilsatum
1490 2025 1500 2042 ,
1520 2001 1743 2049 splendidius,

34 2052 72 2088 ἀ
86 2051 201 2087 minus
215 2048 305 2084 male
318 2047 426 2084 olens.
475 2050 592 2094 Atque
605 2048 680 2083 haec
691 2049 860 2097 speciesin
869 2058 941 2085 tota
949 2049 1154 2096 Babylonica
1164 2050 1325 2098 Regione
1339 2050 1499 2090 nalcitur,
1509 2051 1544 2086 ἀ
1554 2051 1588 2085 in
1598 2051 1671 2086 lacu
1679 2055 1743 2086 As-

58 2099 194 2138 haltite,
207 2098 379 2133 referente
387 2095 497 2132 Plinio
507 2095 526 2131 l.
536 2107 576 2141 35.
585 2107 615 2133 c.
626 2107 662 2139 ις.
712 2096 896 2133 Tenacitas
905 2097 992 2134 illius
1002 2097 1132 2134 dissolvi
1143 2099 1268 2136 dicitur
1278 2099 1440 2149 sanguine
1449 2099 1636 2138 menstruo,
1644 2101 1741 2147 quod

32 2111 57 2186 ξ
69 2159 193 2183 verum
208 2145 262 2186 fit,
270 2145 356 2180 ratio
368 2146 410 2180 ab
421 2144 611 2180 acrimonia
621 2145 655 2180 ὃ(
664 2146 891 2181 mordacitate
899 2145 1135 2195 semicorrupti
1144 2147 1231 2183 succi
1243 2149 1392 2195 petenda
1408 2147 1465 2184 est.
1504 2146 1743 2195 Pillasphaltus

32 2196 81 2234 est
89 2197 248 2232 bitumen
262 2193 529 2242 quodammodo
546 2192 717 2241 nigricans
726 2195 833 2243 magis
842 2204 984 2230 terrente
999 2196 1246 2232 concretionis.
1296 2199 1455 2231 Succinum
1475 2195 1522 2230 est
1536 2197 1692 2232 bitumen
1707 2196 1743 2232 ὅ(

32 2243 172 2294 pinguis
185 2253 284 2279 terrae
299 2241 436 2281 succus,
451 2239 549 2287 cujus
557 2242 706 2276 maxima
715 2253 790 2290 pars
800 2243 974 2278 invenitur
983 2243 1018 2278 in
1028 2241 1155 2280 Pruffia
1163 2245 1206 2279 ad
1217 2244 1311 2280 littus
1320 2245 1420 2280 maris
1428 2243 1571 2279 Baltnici
1580 2267 1589 2284 ,
1610 2244 1744 2280 deloco

31 2292 176 2342 ejusque
183 2292 310 2327 virtute
317 2290 419 2326 fufius
427 2290 461 2325 in
469 2289 670 2338 Qaestione
679 2290 831 2338 sequenti
839 2290 1049 2327 differemus.

128 2340 291 2387 Lr‘qutdum
304 2339 460 2389 bitumen
476 2340 539 2379 est,
549 2338 646 2386 quod
660 2338 841 2375 utoleosus
854 2339 969 2387 liquor
983 2340 1128 2386 diffluit3
1146 2338 1245 2387 cujus
1260 2340 1386 2389 species
1405 2339 1652 2388 praeflmtiores
1667 2340 1742 2376 sunt

31 2389 215 2438 Naphcha&
227 2385 499 2424 AmbraArabn'ca.
550 2386 715 2434 Naphtha
729 2387 775 2423 est
784 2388 1119 2436 bitumenliquidum
1128 2389 1195 2424 olei
1205 2389 1356 2430 lentore,
1378 2389 1412 2425 ὃ(
1429 2387 1591 2429 crallitie,
1609 2399 1740 2424 tantam

31 2440 103 2475 vim
112 2438 201 2487 ignis
217 2437 364 2475 habens,
378 2435 521 2484 utignes
529 2446 571 2471 ex
584 2434 779 2485 longinquo
789 2437 832 2471 ad
843 2436 873 2472 se
882 2437 1007 2474 trahat,
1016 2437 1053 2473 &
1069 2436 1320 2478 inflammetur,
1334 2449 1400 2474 nec
1413 2439 1454 2472 ab
1465 2449 1550 2484 aqua
1567 2438 1673 2473 inlusa
1687 2448 1738 2473 re-

30 2487 155 2535 stingui
169 2482 272 2534 poffit
284 2493 425 2532 propter
438 2484 676 2524 tenacitatem,
692 2495 767 2533 quae
780 2486 822 2520 ab
837 2494 924 2533 aqua
941 2484 1045 2534 subigi
1061 2497 1133 2521 non
1148 2486 1261 2534 potest
1275 2496 1284 2530 3
1300 2487 1372 2522 imo
1380 2487 1420 2521 ab
1431 2498 1474 2521 eo
1485 2487 1591 2535 inagis
1601 2497 1662 2533 per
1677 2498 1737 2521 an-

30 2527 226 2586 tiperistaiin
239 2533 451 2571 accenditur.
507 2533 602 2568 Hinc
616 2532 900 2581 temporepluvio
917 2532 1132 2569 bituminosae
1142 2544 1239 2569 terrae
1255 2534 1405 2570 accensae
1422 2535 1530 2582 magis
1546 2536 1678 2572 ardent.
1711 2533 1738 2568 E

30 2585 136 2634 petris
151 2581 264 2618 fluens
271 2582 397 2618 dicitur
405 2580 675 2628 petroleum,quas1
683 2581 775 2617 dicas
782 2581 1036 2630 Naphthapetraea.
1088 2583 1183 2621 Dixi,
1193 2584 1289 2630 quod
1298 2584 1340 2619 ad
1357 2581 1526 2622 setrahat,
1536 2583 1570 2618 id
1586 2582 1649 2623 est,
1663 2593 1737 2618 non

30 2633 129 2682 quod
143 2632 279 2671 revera,
292 2630 419 2670 trahat,
433 2629 487 2665 sed
497 2630 593 2678 quod
601 2629 767 2666 viscosum
784 2630 945 2669 halitum,
959 2630 1135 2667 insensibili
1151 2631 1292 2667 effiuvio
1306 2632 1457 2671 emittat,
1473 2632 1531 2679 qui
1546 2631 1737 2667 lacilecon-

32 2682 115 2730 cipit
127 2682 244 2730 ignem
253 2702 264 2719 ,
272 2679 316 2714 ita
330 2688 369 2713 ut
383 2678 551 2714 continua
565 2678 779 2716 accensione,
788 2688 825 2713 ut
834 2678 872 2714 fit
882 2679 914 2713 in
923 2678 1070 2726 pulveris
1078 2679 1198 2720 tractu,
1209 2681 1296 2729 ignis
1305 2680 1407 2715 etiam
1416 2682 1458 2714 ad
1468 2679 1656 2727 naphtham
1666 2690 1742 2727 per-

29 2730 157 2767 veniat.
206 2729 336 2764 Ambra
353 2726 400 2762 est
415 2727 573 2762 bitumen
590 2724 889 2775 fragrantillimum
903 2750 913 2766 ,
930 2737 967 2762 ut
981 2739 1062 2762 cum
1083 2727 1323 2776 pretiofiliimis
1338 2729 1537 2764 conseratur
1557 2729 1742 2762 mercibus·

29 2779 80 2815 Ex
102 2788 192 2814 terra
206 2775 395 2812 submarina
414 2776 603 2825 fungorum
615 2776 713 2810 instar
726 2775 812 2811 nasci
830 2776 969 2822 quidam
986 2776 1178 2812 existimant
1192 2789 1204 2822 3
1218 2776 1378 2812 nonnulli
1397 2777 1522 2824 pilccm
1531 2776 1667 2812 Aseltem
1678 2787 1742 2810 no—

29 2827 144 2866 mine,
158 2821 344 2861 avidissime
358 2835 435 2859 eam
449 2822 607 2872 prosequi
623 2824 786 2863 scribunt,
803 2823 947 2871 ejusque
963 2823 1017 2859 esu
1029 2836 1151 2860 necem
1165 2825 1221 2861 libi
1230 2825 1456 2864 consciscere,
1473 2826 1568 2871 quod
1584 2836 1665 2859 cum
1682 2822 1741 2859 sci-

29 2885 89 2912 ant
102 2874 301 2923 piscatores,
316 2872 456 2908 fiinibus
465 2871 700 2912 constriCium,
712 2883 911 2907 exenterare
918 2882 1096 2908 mortuum
1106 2871 1415 2910 solentzMatthiol.
1426 2873 1458 2907 in
1471 2872 1740 2910 Diolcor.l.1.A-

30 2923 66 2960 lii
76 2933 199 2973 putant
215 2930 479 2957 excrementum
489 2919 554 2956 effe
572 2922 713 2968 pilcium
724 2921 919 2968 aliquorum
928 2943 939 2960 ,
953 2920 1147 2970 analogiam
1163 2922 1269 2957 dantzi
1279 2921 1398 2957 musco
1409 2920 1444 2956 ὅ(
1453 2920 1523 2956 aliis
1531 2923 1740 2956 odoramen-

30 2972 84 3013 tis,
94 2982 219 3020 quaeex
227 2970 433 3017 quibusdam
443 2968 644 3004 animalibus
654 2971 869 3008 educuntur,
878 2981 907 3003 v.
919 2982 951 3017 g.
960 2968 1123 3010 Castoris,
1132 2969 1251 3005 Martis
1259 2969 1328 3005 &c.
1338 2969 1451 3006 verior
1460 2969 1622 3004 sententia
1632 2967 1741 3004 existi·

29 3032 160 3059 matur,
173 3030 249 3067 quae
261 3020 383 3056 docet,
397 3019 493 3065 quod
502 3016 752 3052 ambradefluat
761 3019 804 3052 de
813 3017 966 3052 fontibus
977 3018 1010 3053 in
1025 3029 1135 3057 mare,
1151 3018 1266 3065 ibique
1277 3018 1468 3052 induratam
1478 3015 1555 3063 ejici
1566 3018 1599 3052 in
1617 3017 1742 3054 littora.

28 3067 257 3116 Emplastrum
267 3077 310 3102 ex
323 3067 439 3102 ambra
449 3066 551 3102 calvis
560 3065 595 3101 ὅς
611 3065 881 3102 imbecillitatem
891 3077 933 3100 ex
943 3066 1070 3113 frigore
1078 3066 1196 3119 capitis
1207 3066 1429 3101 sentientibus
1438 3067 1669 3100 commodum
1683 3064 1741 3099 cst.

30 3117 155 3159 Cordi,
167 3115 227 3154 nifi
236 3115 382 3166 astigida
390 3113 487 3152 causa
494 3124 681 3162 occupatO,
689 3124 818 3150 nocere
831 3111 961 3197 potel}·2
976 3113 1269 3162 l'cilicetlispiritus
1279 3113 1487 3150 incalescunt
1500 3135 1511 3154 ,
1526 3113 1562 3149 ὅ(
1578 3113 1663 3158 ,usto
1672 3124 1743 3166 ma-

952 3173 962 3197 1
978 3173 992 3208 3
1692 3170 1744 3208 gis
