2087 3610
664 236 1228 310 Philosophico—Politica.
1680 256 1786 309 277

74 307 272 364 fidgmbus',
284 309 426 347 auclore
432 309 547 348 Livio.
598 314 834 351 Simultatibus
843 316 972 351 civium
989 316 1126 352 occulta
1139 314 1338 363 panduntur
1345 311 1434 349 hosti
1442 335 1452 353 ,
1462 313 1616 362 dumque
1625 314 1660 350 hi
1675 316 1707 351 se
1715 316 1785 351 ani-

83 367 149 393 mis
165 357 318 404 separant
329 381 341 399 ,
357 359 414 395 ille
422 361 529 397 robur
541 361 682 410 colligit.
731 363 873 413 Singula
888 362 1016 399 hastilia
1031 363 1129 399 facile
1144 364 1348 409 franguntur
1360 383 1371 402 ,
1393 358 1581 407 conjuncta
1601 374 1674 399 non
1690 365 1784 402 item.

85 405 217 442 Docuit
226 406 297 441 hoc
303 407 454 444 Seilurus
462 414 516 450 80.
525 409 674 446 filiorum
684 409 783 447 Pater
794 412 869 457 3hic
876 411 1008 447 vicinus
1017 411 1120 446 morti
1122 408 1319 457 jaculorum
1327 408 1451 445 fascem
1465 409 1511 444 sin
1538 409 1601 444 ulis
1608 413 1787 460 porrigens
1803 397 1947 433 Pl“‘·3'⁰b

80 452 302 507 confringere
307 452 423 501 jussit,
439 459 536 504 quod
552 469 632 494 cum
649 470 755 494 nemo
770 470 892 495 eorum
908 458 1061 507 praessare
1075 459 1238 495 conando
1247 456 1372 505 posset,
1383 457 1449 505 ipse
1457 421 1620 504 figiilatim
1629 471 1668 494 ea
1677 446 1934 495 exr1·a-fi'⁷''¹·⁸²·

81 499 188 541 hens,
197 501 437 548 Jaculaomnia
451 505 518 542 sine
525 507 668 555 negotio
682 507 871 555 confregit,
886 518 946 542 eos
956 508 1007 542 his
1016 507 1126 542 verbis
1139 509 1353 541 admonens:
1369 508 1404 539 St
1412 503 1564 539 concordes
1576 510 1668 547 erite,
1681 508 1784 548 validss

79 549 235 594 nhvanne
246 550 400 585 manebat?
411 574 421 592 ι,
435 556 573 600 contusi
583 555 697 598 diffi'dialt
712 556 896 600 &seditione
913 554 1128 599 destrahemu‘m',
1138 552 1231 588 ‘imbec
1237 555 1294 588 illes
1307 558 1384 587 ert’tt's
1397 576 1408 594 ,
1429 555 1466 590 ὠ·
1490 564 1652 601 expugnatu
1669 556 1783 601 faciles.

79 594 204 632 Manet
215 597 379 634 nimirum
389 601 619 638 contestatum
637 603 758 644 nimis,
771 603 868 650 quod
876 602 1036 638 Salustius
1047 603 1172 639 edixit:
1187 603 1350 636 Concordia
1364 613 1408 636 res
1416 613 1513 650 parva
1525 606 1670 646 crqcum,
1682 603 1785 648 ἀξίων-
1799 591 1942 638 Βλΰίθῐω·

76 643 131 679 ds:-
143 645 438 695 magnadsrabumr,

609 780 1139 867 QUAESTIO
1206 779 1302 846 rx.

212 877 304 932 ‘De
324 880 457 933 modo
476 887 669 934 invente
678 881 760 934 ndi
778 889 990 934 mineras
1012 883 1079 944 &³
1100 880 1155 933 de
1171 878 1446 955 magesterio
1467 896 1634 934 trans·

699 971 920 1020 mutandi
938 966 1157 1019 metalla.

200 1145 275 1196 jam
283 1148 371 1185 diota
381 1150 471 1188 sunt,
481 1148 578 1185 restat
588 1160 625 1184 ut
634 1151 677 1184 de
686 1150 724 1185 iis
739 1148 839 1184 etiam
849 1151 883 1184 in
893 1149 1000 1195 specie
1013 1159 1169 1196 agamus,
1184 1149 1277 1196 prius
1291 1158 1408 1184 tamen
1420 1148 1464 1183 de
1473 1148 1582 1182 modo
1599 1148 1776 1185 invenien—

70 1084 312 1228 ACtum
327 1100 371 1137 de
384 1100 602 1137 mineralibus
622 1099 788 1146 haetenus
803 1123 813 1141 ,
831 1099 1018 1137 succedunt
1031 1098 1168 1136 metalla
1180 1123 1190 1141 ,
1205 1099 1250 1135 de
1264 1098 1388 1148 quibus
1408 1097 1600 1149 generatim
1616 1099 1774 1147 qua-dam

207 1198 242 1233 di
254 1196 465 1238 mineras,&
481 1198 525 1232 de
539 1197 731 1246 magisterio
748 1197 882 1234 metalla
897 1197 1146 1233 transmutandi
1161 1196 1396 1245 pertractanda
1411 1194 1579 1231 nonnulla
1592 1195 1686 1241 sunt3
1699 1197 1773 1231 Un-

71 1243 116 1280 de
128 1243 354 1330 IitConclusio
367 1293 488 1341 prima.
538 1293 657 1340 Signa,
674 1294 825 1341 equibus
840 1293 975 1329 metalla
989 1292 1128 1329 latentia
1146 1292 1284 1340 reperiri
1294 1289 1450 1340 possunt,
1466 1290 1638 1339 sequentia
1653 1292 1694 1327 ab
1701 1294 1772 1328 Au-

69 1339 463 1380 thuribusrecensentur.
513 1353 537 1380 ι.
552 1342 638 1389 Qo
652 1343 687 1377 in
697 1342 777 1378 loco
803 1342 1017 1378 humidiores
1038 1342 1153 1377 herbae
1169 1353 1241 1376 non
1259 1339 1487 1390 congelantur
1501 1341 1519 1375 a
1539 1340 1694 1388 pruinis,
1718 1341 1774 1375 sed

70 1388 245 1425 immunes
257 1389 369 1425 virent
381 1410 392 1430 ,
413 1400 518 1426 venas
536 1389 661 1425 subesse
678 1391 842 1426 indicant.
890 1389 1000 1426 Venae
1018 1389 1110 1425 enim
1125 1410 1136 1430 ,
1151 1391 1231 1437 quia
1246 1389 1371 1424 siccum
1386 1387 1422 1424 ὃ(
1436 1387 1586 1424 calidum
1611 1388 1778 1436 exspirant

69 1437 232 1478 halitum,
244 1437 372 1486 pruinae
388 1439 651 1474 concretionem
662 1438 865 1487 impediunt.
917 1439 1027 1486 Qod
1044 1438 1064 1473 si
1079 1438 1313 1474 exhalationes
1322 1437 1423 1473 valde
1433 1436 1548 1473 oalidae
1557 1436 1648 1476 sunt,
1659 1439 1724 1472 sert
1739 1448 1779 1472 ea

68 1493 156 1521 terra
167 1485 420 1522 humiloevalde
436 1488 575 1526 herbas,
589 1487 845 1534 easquccolore
862 1487 1098 1536 sublangoido.
1149 1499 1180 1524 2,
1191 1488 1363 1521 Arborum
1379 1484 1475 1532 super
1488 1485 1635 1520 mineras
1647 1484 1778 1520 adulta—

69 1543 146 1570 rum
160 1533 242 1569 sblia
254 1543 364 1569 verno
380 1543 540 1583 tempore
556 1534 786 1575 subcoerulca,
801 1535 886 1571 rami
900 1535 1080 1584 nigredine
1095 1535 1283 1582 squalentes
1297 1557 1306 1573 ,
1330 1532 1424 1570 bifidi
1440 1532 1567 1580 stipites
1580 1554 1591 1573 ,
1613 1533 1698 1567 rami
1713 1532 1776 1568 dis-

67 1581 220 1624 colores,
234 1582 408 1630 spirituum
416 1584 616 1619 varietatem
635 1580 760 1618 subesse
776 1592 909 1619 notant.
959 1595 983 1628 3.
996 1583 1081 1618 Non
1093 1582 1170 1618 leve
1180 1583 1282 1617 etiarn
1292 1580 1428 1617 latentis
1437 1592 1533 1616 venae
1542 1581 1706 1616 indicium
1717 1582 1776 1617 de—

66 1629 207 1671 sumitur
219 1639 262 1666 ex
276 1631 570 1668 coruscationibus
581 1653 592 1671 ,
607 1631 644 1668 ὅ(
659 1631 821 1667 coeruleis
838 1630 1001 1671 flammis,
1017 1642 1093 1679 quae
1107 1631 1297 1666 identidem
1312 1640 1435 1666 terram
1453 1629 1660 1674 allambunt3
1678 1629 1775 1665 solet·

13 1717 15 1719 ,
65 1677 340 1727 quesulphureus
349 1680 491 1726 quidam
507 1680 543 1715 &
559 1680 689 1714 calidus
697 1690 805 1728 vapor
819 1690 859 1715 ex
870 1681 908 1714 iis
925 1679 1011 1715 locis
1026 1691 1222 1726 erumpere,
1236 1679 1295 1726 qui
1310 1678 1408 1713 saeile
1423 1677 1617 1726 percipitur.
1668 1678 1773 1719 Unde

66 1725 106 1761 iis
121 1725 366 1763 inlocisstatim
380 1728 475 1764 nives
489 1727 757 1775 colliquescunt,
773 1739 838 1764 nec
852 1739 910 1763 ros
927 1728 1118 1763 concrescit
1130 1750 1140 1767 ,
1157 1725 1194 1763 &
1209 1726 1324 1762 sterilis
1339 1739 1379 1762 ac
1394 1725 1509 1762 exusta
1525 1735 1614 1760 terra
1631 1736 1773 1774 compa·

64 1784 127 1810 ret.
175 1787 212 1822 4.
228 1774 340 1810 Color
353 1775 474 1823 pariter
483 1777 656 1811 montium
667 1777 702 1812 ὅ(
713 1776 740 1811 la
768 1776 862 1812 idum
872 1788 910 1811 ac
919 1786 1017 1812 terrae
1032 1788 1105 1811 non
1114 1774 1220 1811 solum
1232 1773 1406 1811 metallum
1416 1775 1487 1814 ,sed
1499 1772 1533 1809 ὅ(
1543 1771 1615 1820 ejus
1624 1773 1771 1822 speciem

64 1822 208 1863 indicat,
223 1823 387 1860 ficviridis
397 1824 495 1860 color
507 1824 542 1859 in
559 1834 681 1860 monte
690 1787 829 1859 diffPusus
843 1826 973 1864 abaere,
990 1825 1088 1873 niger
1101 1825 1143 1859 ab
1160 1833 1303 1872 argento
1314 1823 1349 1859 ὅ(
1367 1834 1470 1864 auro,
1485 1824 1769 1871 purpureusapy-

63 1872 142 1911 rite,
157 1871 281 1907 lividus
295 1872 314 1907 3
328 1872 436 1912 ferro,
451 1871 506 1908 vel
522 1873 666 1920 plumbo
679 1896 690 1912 ,
705 1873 861 1908 cinereus
875 1873 893 1908 a
909 1872 1067 1920 sulphure
1082 1871 1210 1908 latente
1224 1880 1416 1920 promanat.
1465 1881 1491 1915 5.
1508 1870 1546 1905 In
1557 1870 1639 1905 locis
1650 1872 1769 1905 metal-

62 1918 164 1955 liferis
176 1920 266 1955 auffi
275 1921 430 1968 pondere
439 1920 688 1970 plusgravitant
700 1920 829 1969 lapides
840 1943 851 1961 ,
867 1920 1022 1968 &aliqua
1040 1920 1085 1955 sui
1096 1930 1190 1968 parte
1205 1919 1393 1968 splendent.
1444 1920 1476 1954 6.
1493 1921 1602 1965 Aquae
1611 1929 1653 1953 ex
1667 1930 1767 1954 mon-

61 1967 167 2008 tibus,
180 1977 283 2016 atque
297 1968 367 2004 aliis
381 1967 467 2004 locis
483 1969 704 2004 subterraneis
721 1971 921 2009 effluentes,
931 1970 950 2004 si
960 1970 1107 2004 odorem
1117 1970 1291 2016 quendam
1307 1967 1343 2004 ὅ(
1356 1965 1511 2004 colorem
1525 1967 1674 2002 alienum
1685 1978 1768 2015 prae—

62 2014 225 2057 feserunt,
239 2016 379 2052 minerae
395 2015 602 2053 metalliferae
613 2019 697 2052 dant
706 2014 960 2064 conjeEturam,
975 2017 1125 2052 maxime
1136 2016 1156 2052 si
1165 2016 1200 2052 &
1221 2015 1400 2063 particulas
1409 2016 1572 2063 quasdam
1582 2014 1767 2051 metallicas

62 2063 176 2099 secum
186 2064 346 2101 evehant.
394 2075 427 2110 7.
441 2065 610 2101 Acerrimi
620 2075 782 2114 praeterea
789 2065 1007 2101 metallorum
1018 2064 1037 2099 s
1030 2065 1148 2112 pir-itus
1157 2074 1315 2101 montem
1325 2064 1360 2100 in
1367 2064 1468 2099 rimas
1477 2073 1619 2112 cogunt.
1646 2070 1674 2102 8.
1684 2063 1768 2098 Stel-

62 2110 174 2148 liones
183 2113 369 2149 husonibus
380 2114 579 2161 grandiores
588 2125 699 2149 aureae
713 2114 853 2149 minerae
868 2114 1052 2153 incubant,
1070 2114 1148 2161 quia
1163 2111 1376 2148 delectantur
1384 2111 1581 2147 antimonio
1590 2133 1600 2151 ,
1615 2113 1710 2159 quod
1722 2111 1767 2147 est

59 2157 124 2196 flos
133 2160 215 2196 auri.
246 2171 278 2206 9.
291 2161 397 2197 Terra
404 2161 580 2210 argillacea
589 2162 683 2211 nigra
691 2161 728 2198 ὅ(
736 2172 839 2198 tenax
848 2162 1054 2210 plerumque
1062 2162 1210 2196 mineras
1220 2161 1350 2196 circum
1358 2160 1411 2195 vel
1422 2160 1479 2196 sub
1491 2159 1521 2195 se
1535 2160 1662 2195 habere
1673 2160 1766 2195 solet.

154 2208 203 2244 Ex
216 2209 330 2245 modis
339 2210 391 2245 his
405 2209 584 2246 metallum
596 2210 795 2246 inveniendi
808 2222 881 2246 non
898 2209 1063 2245 minimus
1076 2209 1123 2245 est
1136 2209 1229 2258 virga
1249 2209 1468 2248 divinatoria,
1478 2218 1553 2256 quae
1569 2208 1698 2243 bisurca
1707 2230 1717 2247 ,
1730 2209 1765 2245 ὃς

56 2266 122 2340 pro
137 2255 266 2293 metalli
281 2257 479 2294 inveniendi
499 2259 635 2294 ratione
657 2258 785 2294 diversa
801 2257 866 2294 esse
875 2259 995 2298 debet,
1011 2258 1174 2294 nimirum
1187 2268 1250 2305 pro
1265 2267 1408 2306 argento
1429 2256 1572 2292 colurna
1587 2277 1598 2296 ,
1618 2267 1681 2304 pro
1699 2267 1764 2292 acre
1794 2278 1796 2283 ·

83 2304 261 2341 raxinea&
276 2317 339 2354 pro
354 2305 497 2353 plumbo
511 2308 530 2342 ἐ
543 2305 705 2355 piceastro
722 2307 865 2355 sumpta.
915 2306 993 2342 Nec
1009 2306 1079 2342 hoc
1087 2316 1214 2342 natum:
1229 2306 1318 2341 vires
1334 2304 1488 2353 superare
1500 2304 1638 2340 videtur
1650 2326 1660 2344 ,
1680 2306 1762 2340 cum

56 2353 192 2389 constet
206 2354 355 2390 minei-as
365 2353 429 2389 exs
445 2354 529 2391 irate
547 2355 670 2390 halitus
685 2354 832 2395 calidos,
846 2353 1136 2402 quibus&herbae
1153 2354 1188 2389 <Sc
1198 2354 1358 2389 arborum
1368 2353 1447 2388 folia
1455 2353 1656 2388 aduruntur.
1665 2353 1762 2389 Con.

55 2401 188 2452 tingere
241 2402 348 2438 oinde
359 2414 405 2451 po
434 2412 486 2443 et,
502 2413 540 2439 ut
553 2404 646 2452 virga
661 2414 702 2438 ex
715 2403 913 2450 sympathia
929 2403 1043 2439 innata
1051 2404 1095 2437 eo
1112 2402 1143 2438 se
1157 2401 1349 2441 inclinaret,
1366 2402 1461 2437 unde
1475 2400 1710 2436 exhalationes
1726 2414 1759 2436 a·

53 2450 152 2486 micae
166 2463 186 2486 a
201 2452 366 2486 cendunt.
416 2450 503 2487 Illud
517 2462 634 2487 tamen
648 2451 791 2487 minime
806 2452 1024 2500 probandum
1038 2473 1049 2490 ,
1069 2451 1089 2486 fi
1105 2451 1262 2499 quaedam
1278 2449 1349 2486 aliae
1368 2459 1464 2485 vanae
1486 2448 1759 2489 observationes,

54 2509 129 2546 quae
145 2499 189 2534 de
197 2498 228 2534 se
245 2498 372 2534 nullam
389 2509 470 2535 cum
478 2497 603 2536 effetlu
617 2500 818 2536 relationem
834 2500 978 2539 habent,
994 2499 1235 2538 adhibeantur,
1249 2509 1281 2536 v·
1289 2511 1322 2547 g.
1330 2498 1426 2546 quod
1441 2495 1524 2533 nulli
1537 2496 1597 2532 nisi
1606 2497 1662 2532 die
1670 2496 1760 2533 Solis

52 2555 136 2582 nato
152 2548 292 2582 obediat
306 2547 374 2583 ἀς.
394 2547 476 2584 Hoc
491 2549 585 2584 enim
594 2546 855 2595 superstitiosum
865 2547 928 2588 est,
946 2547 1069 2594 &quia
1077 2547 1313 2582 communiter
1327 2545 1447 2581 ssmiles
1462 2545 1683 2582 conditiones
1700 2558 1758 2594 ap-

51 2605 246 2642 ponuntur,
261 2595 384 2632 censeo
395 2607 474 2631 cum
483 2596 582 2633 Patre
590 2596 776 2632 Honorato
785 2593 979 2632 Fabritrast
989 2605 1022 2640 7.
1030 2595 1126 2642 Phys.
1135 2594 1154 2634 l.
1164 2608 1193 2630 2.
1210 2606 1308 2643 prop.
1316 2605 1366 2641 30.
1375 2594 1603 2643 virgamhanc
1611 2593 1675 2629 esse
1683 2606 1755 2630 me-

51 2653 123 2679 ram
141 2642 429 2692 superstitionem,
444 2644 498 2680 vel
513 2645 626 2680 verius
642 2647 657 2689 (
666 2645 739 2680 utis
754 2643 1066 2692 loquitur->anilem
1078 2644 1238 2679 fabulam.

147 2692 335 2728 Conclusio
351 2693 509 2728 secunda.
561 2693 671 2729 Vena*
679 2693 854 2729 metallicae
873 2693 907 2727 in
921 2703 973 2727 var
983 2693 1028 2726 ias
1042 2692 1242 2727 dividuntur
1252 2689 1396 2738 species;
1414 2689 1484 2725 alite
1493 2689 1586 2725 enim
1595 2689 1758 2726 d1cuntur

45 2739 212 2786 profunda,
227 2739 298 2776 aliae
309 2740 448 2780 da'latata,
463 2740 536 2776 aliae
549 2743 708 2779 cumulata.
757 2739 933 2777 Profunda
949 2740 1167 2780 nominatur,
1181 2750 1255 2787 quae
1265 2741 1283 2774 a
1299 2737 1474 2786 superficie
1490 2749 1586 2773 terrae
1602 2738 1635 2772 in
1650 2739 1754 2774 imam

51 2785 126 2834 ejus
141 2787 254 2824 sedem
269 2787 455 2824 descendit.
504 2791 652 2829 Drama,
668 2800 742 2837 quae
757 2801 818 2838 per
831 2789 985 2824 medium
1002 2788 1090 2823 inter
1103 2787 1314 2835 superficiem
1324 2797 1421 2822 terrae
1436 2786 1470 2822 &
1487 2784 1559 2833 ejus
1573 2786 1754 2832 prcfundi-

49 2845 158 2872 tatem
171 2837 328 2873 excurrit.
381 2836 567 2873 Cumulata
583 2849 666 2873 vero
690 2837 878 2885 appellatur
890 2859 901 2877 ,
917 2847 992 2884 qua:
1009 2835 1054 2871 sat
1074 2835 1261 2872 notabilem
1276 2834 1404 2870 telluris
1418 2844 1548 2882 partem
1563 2834 1752 2870 secundum

48 2883 304 2932 longitudinem
317 2883 581 2922 &latitudinem
602 2895 762 2933 occupat.
810 2884 936 2920 Rursus
952 2884 1201 2933 profundarum
1216 2894 1382 2919 venarum
1395 2883 1515 2930 aliquae
1530 2881 1665 2921 diversit
1679 2883 1750 2918 lati-

49 2932 180 2968 tudinis
189 2931 282 2974 sunt,
298 2931 378 2969 &in
389 2933 658 2970 nonnullislocis
675 2934 816 2968 subinde
830 2944 939 2981 usque
952 2937 993 2968 ad
1004 2934 1192 2969 duodecim
1207 2931 1317 2980 passus
1334 2940 1537 2970 excurrunt,
1552 2930 1751 2966 subindeta-

49 2991 134 3017 men
146 2981 203 3016 vix
218 2981 304 3018 ultra
317 2983 406 3017 duos
420 2982 453 3017 di
483 2981 549 3017 itos
567 2982 597 3017 se
606 2983 808 3017 extendunt.
858 2982 979 3017 Ethaec
993 2982 1115 3016 iterum
1123 2981 1214 3016 varie
1222 2980 1431 3018 dividuntur,
1445 2978 1514 3014 aliae
1522 2978 1615 3014 enim
1625 2978 1750 3014 suntre-

51 3028 106 3068 cla,
121 3027 194 3064 aliae
205 3042 316 3070 curva,
331 2993 506 3066 nonnufiae
515 3029 626 3076 obitquae
634 3030 669 3066 &
682 3040 755 3063 torta
763 3052 773 3069 ,
783 3030 863 3064 item
873 3030 1036 3073 transverfiz
1050 3028 1086 3064 &
1094 3031 1257 3066 circulares,
1281 3026 1507 3075 Appellantur
1514 3027 1615 3062 etiam
1624 3027 1750 3062 Orien-

45 3075 618 3118 tales&0ccidentaleS,Australes
628 3077 662 3113 ὃ(
673 3077 845 3118 Boreales,
871 3087 975 3126 prout
987 3088 1114 3125 nempe
1130 3078 1172 3112 ad
1188 3077 1248 3111 has
1263 3085 1374 3123 partes
1392 3083 1588 3112 excurrunt.
1639 3075 1752 3122 Quod

47 3134 162 3161 autem
176 3125 224 3162 est
231 3126 385 3162 medium
396 3126 484 3161 inter
492 3127 576 3162 duas
583 3137 685 3163 venas
694 3149 704 3167 ,
713 3130 908 3160 inurvenima
918 3125 1128 3164 nominatur.
1177 3125 1271 3161 Vide
1279 3124 1322 3160 de
1331 3123 1384 3159 his
1393 3123 1590 3173 Agricolam
1600 3145 1611 3163 ,
1619 3122 1641 3157 fi
1648 3122 1749 3158 sufio-

46 3183 119 3210 tem
132 3173 408 3222 explanationem
425 3174 533 3222 cupis,

924 3219 963 3255 M
972 3232 1006 3256 m
1020 3231 1035 3266 3
1667 3217 1743 3254 Ob-
