2087 3610
581 231 1144 304 Philosophico-Politica.
1653 247 1729 302 117

535 319 1065 404 QUAESTIO
1107 318 1183 385 v.

197 428 284 479 ‘De
297 419 549 497 esseest't'bus
565 425 631 484 Εἴ
648 421 1027 497 proprietatibus
1047 435 1304 489 ventorum
1327 422 1379 470 in
1390 413 1562 492 specie.

160 510 298 548 Vamvis
307 510 340 544 in
353 508 579 556 superioribus
589 509 846 556 Quaestionibus
857 509 905 544 ob
917 509 1178 545 connexionem
1197 506 1233 543 ὅ(
1248 506 1459 544 vicinitatem
1470 503 1695 552 materiaejam
1705 519 1739 542 a·-

180 559 287 607 liquid
296 557 426 606 sparsim
437 558 480 591 de
490 555 667 593 effeffibus
675 557 711 593 ὃ(
721 556 984 605 proprietatibus
993 567 1179 593 ventorum
1190 556 1225 590 in
1236 554 1344 603 specie
1352 553 1558 589 insinuatum
1569 554 1614 594 sit,
1625 555 1680 591 hic
1688 565 1736 590 ta.

181 618 261 690 me‘n
269 606 427 654 proprius
437 604 586 641 &fusior
597 608 641 641 de
650 605 786 655 singulis
795 604 975 640 differendi
985 605 1084 641 locus
1094 605 1174 645 erit,
1188 614 1227 640 ut
1246 603 1382 652 plenior
1398 601 1456 637 fiat
1468 602 1637 639 doeh-ina.
1663 604 1737 639 [In-

179 656 224 692 de
244 664 271 690 it

120 701 307 742 Conclusio
317 701 436 750 prima,
485 700 592 736 Venti
602 699 881 748 septentrionales
895 701 928 736 in
936 700 1074 749 Europa
1081 700 1152 736 fere
1161 709 1236 737 tota
1243 698 1354 748 frigidi
1371 697 1447 734 funt
1455 698 1491 736 ὅς
1500 699 1587 735 sicci.
1635 698 1738 734 Ratio

25 751 209 790 desumitur
217 760 291 788 tum
300 750 320 785 a
329 749 512 799 frigiditate
521 749 682 785 locorum
691 773 700 789 ,
712 761 772 797 per
788 759 864 797 quae
875 760 1071 796 permeant,
1090 758 1166 784 tum
1183 749 1262 796 quia
1277 747 1445 795 exspirant
1466 759 1508 783 ex
1531 744 1741 784 subtilissima

99 799 255 837 cnivium
264 799 376 835 Zonoe
386 798 526 847 s'rigidae.
577 798 804 833 serenitatem
815 796 974 837 afferunt,
986 798 1065 845 quia
1080 797 1296 833 condensant
1303 801 1418 831 ae'rcm
1427 795 1462 831 ὅ(
1471 795 1741 831 exsiccant.Sunt

70 848 220 886 ubi-&ob
228 845 510 883 constriffionem
518 857 686 893 pororum
704 845 740 882 ὅ(
748 845 836 882 cutis
845 846 1063 887 animalium,
1083 847 1152 894 qui
1170 845 1208 881 fit
1215 868 1226 885 ,
1245 854 1285 880 ut
1298 843 1392 880 calor
1404 844 1560 884 internus
1569 844 1601 879 se
1610 855 1682 879 non
1691 845 1737 880 ad

23 894 288 935 meffundat,
297 893 397 931 sedin
406 894 626 930 interioribus
635 894 867 932 conservetur.
918 895 1023 930 Unde
1031 895 1158 930 diutius
1168 892 1450 942 septentrionalis,
1459 894 1563 940 quam
1574 893 1738 928 meridio-

22 943 108 981 mlis
115 943 263 993 populus
269 943 365 979 vivit.
416 943 688 983 Diciturramen,
704 944 830 981 Boreas
844 941 934 978 male
950 941 1081 979 affectis
1096 942 1301 991 corporibus
1317 941 1501 988 aliquando
1517 952 1657 979 nocere.
1681 941 1734 976 Si-

19 991 148 1030 militer
161 992 287 1029 vitibus
303 991 562 1039 gemmantibus
579 989 616 1027 ὃ(
630 991 701 1026 aliis
709 990 840 1039 {plantis
855 991 989 1027 tenellis
1018 1003 1059 1028 ac
1073 989 1215 1027 floribus
1230 988 1376 1038 persaepe
1393 989 1502 1025 existit
1510 987 1735 1037 perniciosus·

22 1040 195 1079 Omnium
204 1040 263 1077 hic
269 1040 418 1076 maxime
426 1039 558 1074 validus
566 1038 614 1074 est
627 1039 663 1075 ὅ(
671 1038 900 1087 impetuosus,
914 1040 1081 1087 quoniam
1090 1039 1171 1075 aestu
1188 1038 1342 1074 maximo
1354 1060 1364 1077 ,
1385 1038 1580 1073 meridiano
1591 1037 1737 1079 scilicet‘‚

21 1089 199 1130 excitatur,
207 1088 393 1125 &materia⁴
408 1087 570 1123 omnium
580 1086 740 1122 facillime
750 1087 785 1122 in
793 1099 938 1136 vapores
946 1087 1139 1128 dissolubili,
1153 1087 1301 1123 nubibus
1313 1086 1475 1121 nimirum
1493 1085 1738 1122 constat.Ven-

21 1145 77 1174 ms
86 1137 188 1174 etiam
195 1136 345 1174 Borealis
353 1136 437 1173 cum
444 1135 482 1172 sit
489 1136 627 1184 gravior
637 1135 673 1171 ὅ(
681 1135 818 1171 densior
825 1137 934 1185 magis
942 1136 1031 1184 quasi
1040 1135 1132 1172 reeta
1149 1134 1309 1171 deorsum
1325 1134 1527 1183 propellitur
1535 1157 1546 1174 ,
1561 1147 1601 1170 ac
1615 1133 1737 1171 saevior

21 1184 70 1223 est
77 1185 213 1226 Austro,
221 1185 304 1222 cum
311 1185 435 1222 acriori
443 1184 571 1233 frigore
579 1184 823 1220 condensetur.
882 1186 988 1220 Unde
996 1186 1099 1226 etiarn
1109 1183 1214 1220 flante
1221 1185 1333 1219 Borea
1342 1183 1377 1219 ὅ(
1387 1183 1470 1219 sudo
1480 1183 1573 1219 coelo
1581 1206 1592 1224 ,
1605 1194 1679 1218 non
1688 1183 1735 1219 ita.

84 1233 138 1270 elli
145 1233 256 1282 potest
263 1233 391 1274 fumus,
399 1232 494 1269 sicuti
503 1232 597 1269 coelo
605 1231 722 1280 pluvio
732 1245 744 1278 ς
767 1233 822 1268 vel
830 1234 927 1281 quod
937 1235 1061 1270 Boreas
1071 1245 1144 1269 non
1153 1244 1195 1268 ex
1203 1232 1360 1280 obliquo,
1371 1242 1409 1267 ut
1419 1231 1559 1271 Auster,
1574 1230 1674 1266 sedin
1683 1232 1734 1266 di-

19 1245 268 1332 ssummagis
275 1279 408 1331 perflet,
420 1281 475 1318 vel
482 1282 580 1329 quod
587 1281 723 1330 gravior
732 1280 770 1316 sit
777 1283 864 1317 aeris
873 1281 994 1323 moles,
1003 1285 1084 1318 cum
1097 1282 1194 1330 spirat
1203 1281 1331 1328 aquilo.
1382 1280 1613 1316 Observatum
1626 1281 1733 1316 etiam

22 1329 85 1371 est,
95 1340 220 1367 ventos
236 1328 396 1367 Boreales
411 1339 510 1365 tanto
529 1329 711 1365 debiliores
727 1328 799 1364 fieri
806 1351 817 1370 ,
832 1331 963 1378 quanto
979 1331 1125 1378 amplius
1140 1331 1224 1366 hinc
1237 1331 1280 1365 ad
1292 1338 1502 1376 aequatorem
1511 1337 1735 1376 procurrunt.

20 1378 260 1416 Econtravero
267 1380 309 1415 ab
316 1389 492 1426 aequatore
499 1380 630 1425 quanto
638 1376 783 1427 amplius
792 1379 910 1414 verstrs
919 1378 1143 1415 annai-&icum
1160 1378 1282 1426 polum
1292 1376 1482 1426 prospirant
1494 1400 1505 1417 ,
1538 1375 1735 1413 efficientur

21 1426 206 1464 severiores
215 1427 252 1464 &
269 1427 463 1476 frigidiores
472 1426 655 1473 praesertim
672 1425 706 1460 in
716 1437 826 1475 regno
838 1426 932 1462 Chili
951 1428 986 1464 ὅ(
1002 1427 1104 1466 Peru.
1153 1427 1225 1474 Qi
1244 1426 1382 1461 auditus
1396 1425 1561 1474 gravitate
1575 1424 1734 1461 laborant

21 1485 80 1512 aut
87 1475 356 1515 subsurdescunt,
366 1474 499 1511 Boreali
508 1484 614 1510 vento
623 1472 705 1522 pers
723 1474 831 1510 irante
839 1474 876 1510 &
885 1476 971 1511 aeris
988 1474 1202 1512 serenitatem
1218 1473 1384 1510 afferente
1401 1473 1534 1509 facilius
1550 1473 1669 1508 audire
1683 1474 1732 1510 in·

22 1524 166 1571 cipiunt,
174 1523 232 1572 qui
239 1523 405 1572 alioquin,
415 1523 496 1558 cum
505 1523 629 1558 densus
637 1522 673 1558 ὅ(
681 1533 702 1570 p
718 1522 816 1558 uvius
827 1521 874 1558 est
882 1529 950 1564 a'er,
957 1523 1151 1572 Austerque
1168 1522 1266 1572 spirat
1273 1545 1283 1563 ,
1302 1521 1669 1570 omnipropemodum
1677 1534 1737 1559 au-

24 1571 142 1609 diendi
151 1571 312 1608 facultate
324 1571 511 1625 privantur.

117 1620 307 1658 Conclusio
317 1620 474 1656 secunda.
499 1618 608 1655 Venti
619 1618 861 1655 meridionales
869 1618 975 1668 vulgo
984 1618 1084 1655 calidi
1094 1618 1420 1655 sunt&humentes.
1447 1617 1560 1655 Calidi
1580 1617 1736 1666 quidem,

23 1668 101 1718 quia
109 1679 151 1704 ex
159 1669 244 1704 locis
255 1669 368 1705 Zonae
375 1669 513 1704 torridae
521 1667 642 1703 vicinis
657 1668 797 1714 spirant,
810 1669 1061 1715 permeantque
1071 1678 1132 1715 per
1140 1667 1218 1703 loca
1225 1668 1401 1703 calidiora:
1411 1667 1545 1702 humidi
1555 1665 1641 1707 sunt,
1649 1668 1732 1714 quia

24 1716 301 1754 constantmulto
308 1717 463 1765 vapor-ea
473 1715 822 1752 marimediterraneo
840 1715 875 1751 ὅ(
889 1715 960 1750 aliis
979 1715 1067 1751 locis
1082 1715 1218 1751 elevato
1234 1728 1246 1761 3
1279 1715 1431 1762 ideoque
1444 1714 1606 1763 plurimas
1620 1716 1732 1751 nubes

23 1764 202 1814 colligunt.
252 1765 380 1812 Neque
388 1765 524 1800 tantum
534 1763 704 1811 colligunt
715 1766 824 1800 nubes
833 1786 843 1803 ,
862 1764 918 1798 sed
935 1775 991 1800 eas
1005 1773 1128 1812 tepore
1143 1764 1202 1800 suo
1223 1763 1361 1800 solvunt
1377 1764 1411 1798 in
1428 1764 1592 1810 pluviam.
1642 1763 1740 1800 Hinc

23 1813 145 1852 Auster
152 1812 282 1849 calidus
290 1813 338 1849 est
345 1812 380 1850 ὅ(
389 1813 565 1852 humidus,
574 1812 766 1852 morbidus,
775 1813 858 1848 item
871 1812 1043 1853 aestuosus,
1052 1812 1243 1848 fulmineus
1255 1835 1266 1852 ,
1276 1824 1297 1847 n
1304 1812 1403 1847 oxius
1413 1812 1448 1847 ὅ(
1458 1811 1618 1859 pestilens
1632 1824 1644 1857 3
1674 1823 1736 1861 ge-

25 1872 149 1899 nerans
158 1861 288 1910 pluvias
296 1861 332 1897 <Sc
341 1862 461 1900 nubes,
471 1861 521 1896 uti
537 1861 573 1896 ὅ(
581 1871 643 1907 pro
652 1860 818 1908 temporis
834 1861 969 1896 ratione
979 1861 1143 1898 tonitrua.
1159 1861 1193 1896 Si
1201 1871 1320 1896 tamen
1331 1860 1459 1895 diutius
1470 1860 1567 1908 spirat
1575 1882 1585 1900 ,
1605 1869 1690 1896 tunc
1698 1861 1736 1898 <Sc

26 1908 241 1946 serenitatem
258 1910 294 1946 ὅ(
304 1908 532 1946 suffocantem
541 1909 692 1944 calorem
704 1920 896 1957 provocare
905 1908 1027 1956 potest.
1077 1909 1217 1945 Solet&
1231 1909 1418 1957 plurimum
1434 1910 1546 1944 febres
1562 1909 1736 1956 putridas,

26 1969 69 1994 ac
77 1957 281 2004 pestilentes,
299 1957 514 2005 morbosque
523 1958 636 1992 varios
647 1958 806 1993 excitare.
860 1957 963 1992 Unde
974 1956 1098 1992 Austro
1108 1955 1213 1992 flante
1222 1957 1398 2005 podagrici
1409 1956 1548 1992 dolores
1563 1966 1736 2005 augentur

27 2006 176 2043 resoluto
185 2005 311 2042 scilicet
320 2007 481 2045 humore,
488 2005 681 2053 phrenetici
692 2005 798 2063 magis
806 2005 980 2045 frendent,
988 2017 1090 2054 grana
1102 2005 1222 2054 implet
1231 2004 1490 2041 curculionibus
1499 2027 1508 2044 ,
1525 2005 1741 2043 marcescunt

27 2054 189 2092 tamesin
197 2054 427 2102 putredinem,
439 2053 614 2090 &terrum
623 2053 731 2101 ipsum
743 2054 874 2089 tacilius
884 2053 972 2088 limaz
981 2054 1112 2089 obedit.
1164 2053 1226 2089 Illo
1236 2053 1379 2101 spirante
1388 2054 1510 2089 melius
1527 2053 1561 2089 ὅ(
1577 2054 1705 2090 certius
1718 2057 1739 2091 a

28 2103 170 2139 canibus
178 2102 386 2152 vestigantur
393 2103 484 2142 serae,
495 2103 574 2149 quia
587 2102 718 2149 spiritus
727 2102 892 2137 odoriferi
902 2102 1016 2138 calore
1025 2101 1114 2137 fiunt
1121 2102 1373 2151 fragrantiores.
1390 2102 1742 2150 Dicitur,aquilonem

27 2149 136 2186 ηοᾶυ
146 2161 305 2187 exortum
315 2151 372 2187 vix
381 2151 468 2186 ultra
475 2161 542 2186 tres
553 2151 626 2186 dies
635 2152 775 2190 durare,
795 2154 876 2186 cum
888 2160 1006 2186 tamen
1016 2150 1139 2186 Auster
1150 2153 1253 2191 etiam
1263 2149 1453 2186 nos'turnus
1462 2150 1654 2198 perseveret
1662 2153 1739 2188 diu-

27 2198 107 2236 tius.
124 2202 129 2206 “
155 2199 277 2234 Austro
286 2197 434 2246 maj0res
442 2197 567 2234 finitus
581 2199 774 2234 edunturin
785 2200 867 2234 mari
877 2200 981 2247 quam
989 2199 1187 2247 Aquilone,
1204 2199 1316 2247 inquit
1330 2198 1460 2235 Plinius
1476 2221 1487 2240 ,
1509 2199 1741 2248 quoniamille

29 2246 176 2286 inferne,
184 2247 255 2282 imo
264 2258 307 2282 ex
314 2247 399 2283 mari
408 2247 506 2296 spirat
529 2260 540 2292 3
566 2248 623 2283 hic
640 2249 659 2282 e
677 2247 822 2286 summo.

128 2294 314 2330 Conclusio
330 2295 438 2332 tertia.
464 2296 573 2331 Venti
588 2295 771 2331 orientales
786 2296 820 2330 in
834 2295 1008 2344 Europaeis
1024 2295 1144 2331 nostris
1156 2295 1357 2345 regionibus
1375 2294 1394 2330 s
1388 2304 1451 2331 unt
1468 2295 1569 2332 calidi
1592 2295 1629 2333 ὅ(
1650 2297 1740 2338 sicci.

29 2341 128 2379 Hinc
137 2341 329 2379 subsolanus
335 2344 600 2392 ventusmempe
609 2345 627 2378 a
638 2344 798 2380 nascente
806 2343 887 2379 Sole
897 2344 962 2380 sive
972 2354 1051 2380 ortu
1061 2344 1436 2392 spirans,c0mmuniter
1445 2343 1527 2380 solet
1535 2343 1601 2380 esse
1610 2345 1742 2382 calidus

31 2390 69 2426 ἀ
77 2390 199 2426 siccus:
223 2402 304 2427 cum
313 2392 430 2441 insigni
439 2402 554 2428 tamen
564 2394 741 2440 temperie.
796 2392 872 2428 Dixi
883 2394 1130 2433 communiter,
1139 2393 1263 2428 namin
1278 2392 1469 2440 Campania
1485 2391 1742 2430 humidiffimus

29 2437 80 2474 est
94 2438 284 2475 subsolanus
292 2442 338 2476 ob
347 2441 446 2476 maris
454 2440 666 2476 vicinitatem
677 2454 688 2486 ;
696 2442 729 2476 in
738 2440 857 2488 Belgio
867 2441 993 2488 hyeme
1000 2439 1467 2490 stigidissimuzcalidissimus
1474 2440 1597 2479 aestate.
1634 2443 1743 2490 Apud

30 2497 98 2522 nos
105 2486 186 2522 vero
195 2487 300 2524 siccus
310 2488 374 2528 est,
382 2489 460 2536 quia
469 2501 542 2524 non
553 2489 666 2525 transit
676 2501 736 2537 per
749 2489 814 2524 ulla
823 2490 937 2524 maria.
950 2490 1137 2526 Coeterum
1147 2490 1203 2525 hic
1214 2500 1339 2525 ventus
1349 2489 1433 2524 solet
1442 2487 1509 2524 esse
1518 2488 1740 2532 suavissimus,

29 2534 222 2591 purissimus
229 2558 239 2576 ,
247 2537 473 2576 tenuissimus,
483 2536 719 2573 saluberrimus
735 2561 744 2577 ,
760 2549 799 2573 ac
816 2537 1031 2585 potissimum
1042 2538 1143 2574 mane
1153 2538 1277 2586 spirans
1293 2538 1565 2587 contagionibus
1573 2540 1738 2586 praeterea

30 2583 200 2623 mimicus,
216 2590 330 2620 aerem
340 2585 741 2633 purificans,corporibus
751 2586 938 2626 sanitatem,
947 2586 982 2622 ὅς
1000 2586 1206 2622 hilaritatem
1219 2588 1348 2622 afflans.
1371 2587 1529 2634 Aequirit
1537 2587 1638 2622 etiam
1649 2588 1739 2624 vires

30 2632 208 2668 exoriente
215 2632 415 2672 Sole,no&u
422 2646 506 2669 vero
515 2634 721 2682 plerumque
730 2635 810 2670 silet.
861 2636 1016 2684 Qando
1025 2647 1109 2671 vero
1118 2647 1200 2671 cum
1210 2634 1329 2671 sereno
1338 2633 1431 2671 coelo
1441 2633 1523 2669 flare
1531 2635 1652 2682 incipit
1659 2658 1670 2676 ,
1689 2637 1736 2672 de

32 2678 91 2714 die
98 2682 254 2728 usquead
264 2681 403 2718 noctem
413 2682 617 2730 plerumque
626 2683 826 2729 perseverat.
852 2684 910 2718 Sin
919 2692 1034 2718 autem
1043 2695 1087 2719 eo
1097 2682 1201 2719 flante
1208 2683 1407 2731 pluat,prius
1414 2683 1470 2718 vix
1479 2681 1625 2723 cessabit,
1634 2684 1740 2732 quam

34 2725 93 2762 Sol
101 2730 294 2768 occumbat.
329 2730 467 2777 Hyeme
476 2731 510 2766 in
527 2730 648 2766 nostris
657 2743 728 2778 quo
756 2743 799 2767 ue
807 2732 1007 2781 regionibus
1016 2731 1099 2767 solet
1109 2731 1174 2767 esse
1183 2732 1374 2781 frigidus,&
1381 2730 1460 2779 gelu
1471 2743 1510 2766 ac
1518 2730 1623 2785 frigus
1631 2744 1738 2780 auge-

34 2783 84 2809 re.
105 2774 345 2825 Flumina,quae
353 2777 486 2814 cursum
497 2779 624 2814 habent
638 2780 673 2814 in
681 2744 855 2820 [wiltuim
864 2779 1055 2815 salubrioris
1063 2791 1151 2816 aurae
1159 2790 1325 2829 putantur
1334 2779 1418 2819 esse,
1434 2779 1505 2814 imo
1513 2801 1523 2818 ‚
1539 2789 1584 2814 ant
1593 2779 1740 2823 Plinius,

35 2820 247 2876 observatum
257 2824 333 2866 esse,
349 2827 574 2874 pestilentiam
585 2828 602 2862 a
612 2829 808 2863 meridianis
817 2828 902 2864 locis
911 2829 946 2863 in
954 2828 1114 2864 occasum
1124 2828 1256 2877 semper
1264 2829 1330 2868 ire,
1339 2840 1412 2863 non
1426 2828 1469 2863 ad
1481 2837 1610 2866 ortum.
1637 2828 1742 2865 Odo-

34 2878 192 2907 ratiorem
201 2874 422 2910 Democritus
430 2885 526 2922 putat
541 2875 702 2916 frustum,
713 2876 732 2911 fi
742 2878 957 2924 propendeat
971 2878 1014 2912 ad
1030 2877 1124 2913 hunc
1133 2887 1278 2913 ventum
1285 2900 1297 2917 ,
1307 2877 1341 2912 in
1350 2878 1444 2911 hunc
1453 2876 1556 2910 etiam
1566 2876 1740 2924 opiliones

35 2927 175 3000 fregem
182 2922 338 2968 pascunt,
348 2922 383 2959 ὅ(
391 2924 527 2971 concipi
538 2936 648 2959 mares
657 2925 780 2960 volunt
789 2938 800 2969 3
824 2926 879 2972 api
891 2925 948 2959 iria
957 2925 1060 2961 etiam
1071 2927 1190 2961 omnia
1205 2926 1240 2960 in
1250 2925 1452 2961 vulturnum
1478 2923 1644 2961 subsolani
1666 2926 1742 2962 col-

50 2965 207 3020 ateralern
216 2968 361 3016 spectare
371 2973 509 3011 debere,
517 2972 646 3007 Plinius
656 2973 1010 3020 docet.Compertum
1018 2985 1161 3022 quoque
1169 2973 1217 3009 est
1228 2997 1238 3014 ,
1253 2974 1350 3016 quod
1362 2973 1445 3008 licut
1460 2970 1595 3018 objethz
1603 2975 1741 3011 auditus

37 3014 362 3057 occidentalibus,ita
370 3020 457 3055 visus
467 3021 689 3056 orientalibus
698 3022 811 3056 ventis
819 3021 1007 3057 distint'tius
1020 3023 1055 3058 ὅ(
1063 3024 1196 3066 acutius
1206 3021 1503 3069 repraesententur.
1538 3020 1634 3059 Hinc
1646 3023 1740 3059 Euro

37 3060 92 3096 vel
100 3059 275 3100 subsolano
284 3064 385 3102 flante
396 3067 531 3115 objeCYa
537 3069 676 3104 visibilia
685 3080 889 3117 comparent
906 3068 1048 3117 majora,
1056 3071 1177 3106 Africo
1187 3069 1331 3117 spirante
1340 3069 1486 3106 minora.

133 3109 318 3165 Conclusio
327 3127 454 3162 quarta.
481 3117 652 3154 Favonius
660 3119 700 3153 ab
710 3120 831 3156 occasu
841 3117 928 3154 Solis
935 3119 1184 3166 aequinoctialis
1201 3119 1325 3166 spirans
1339 3117 1394 3152 vel
1417 3118 1436 3152 a
1452 3118 1621 3157 favendo,
1642 3118 1740 3165 quod

39 3156 287 3198 cunChssavent
299 3184 309 3203 ,
335 3164 388 3201 vel
403 3165 422 3201 a
435 3165 593 3202 fovendo
610 3188 621 3208 ,
645 3167 743 3215 quod
759 3166 882 3204 cundia
895 3167 1013 3204 foveat
1023 3167 1273 3208 dietuswentus
1287 3165 1390 3215 nobis
1410 3165 1470 3209 hic
1479 3165 1747 3203 esthumidus&

996 3215 1023 3251 P
1046 3226 1062 3262 3
1633 3215 1735 3251 modi
