2087 3610
311 250 394 304 15¹2
1000 231 1364 305 Meteorologia

412 311 593 347 Secundus
608 310 750 347 effectus
768 311 825 347 est.
874 312 1001 359 Aptam
1016 311 1193 346 materiam
1207 310 1414 360 generandis
1429 310 1549 360 apibus
1563 310 1770 361 suppeditat,
1787 311 1841 348 hae
1849 312 1942 348 enim
1955 324 2030 350 non

316 371 361 396 ex
370 360 560 395 concubitu
573 382 583 400 ,
599 372 714 407 neque
723 372 765 395 ex
773 369 873 407 putre
887 360 1037 395 {mitione
1045 359 1139 397 sicuti
1156 360 1279 395 muscae
1290 359 1326 395 ὅ(
1336 359 1466 407 pulices
1474 383 1484 400 ,
1495 361 1551 396 sed
1561 372 1602 395 ex
1611 372 1689 395 rore
1696 369 1916 409 generantur,
1926 373 2030 408 quem
2079 382 2081 402 ;

318 408 508 456 important
522 408 557 443 in
575 408 646 443 suas
660 407 809 443 cellulas.
823 408 903 443 vide
910 407 1059 443 Plinium
1073 407 1129 442 lib.
1137 418 1163 451 ς.
1177 409 1260 446 c.16,
1310 406 1439 443 Pariter
1454 408 1491 444 ἀ
1506 409 1692 457 margaritis
1707 409 1889 457 gignendis
1904 411 2031 445 eodem

316 456 534 491 docentelib.
546 468 578 501 9.
589 469 619 492 c.
630 458 677 501 36.
696 456 1044 491 materiamidoneam
1053 457 1192 503 praebet.
1242 456 1298 491 Sic
1312 453 1494 502 &adjuvat
1501 456 1650 492 multum
1659 468 1716 491 ros
1733 456 1939 492 interiorum
1953 469 2032 505 pro-

315 506 539 542 creationem.
592 505 728 540 Ovibus
742 515 827 539 vero
842 513 966 544 nocet,
982 515 1062 538 nam
1076 514 1134 538 ros
1149 503 1291 552 copioso
1311 505 1439 539 mixtus
1461 504 1597 540 salnitro
1612 505 1738 540 teneris
1753 506 1944 551 pecudibus
1973 516 2033 553 pe·
2078 508 2080 525 :

317 553 467 589 ticulum
490 562 601 591 creat,
625 563 669 586 ne
678 552 806 587 ventris
813 550 987 598 profluvio
997 552 1177 590 intereant.
1227 553 1333 587 Unde
1349 564 1428 588 mos
1442 554 1533 600 apud
1541 552 1695 588 Pastores
1708 564 1852 601 gregum
1868 553 2035 595 obtinuit,

317 611 358 637 ut
372 603 456 636 dum
468 602 589 636 herbas
601 611 680 635 rore
695 601 875 635 madentes
883 600 1050 641 viderint,
1066 611 1150 636 oves
1164 611 1238 635 non
1252 601 1344 648 prius
1360 600 1492 649 pascuis
1505 601 1710 642 immittant,
1725 604 1828 649 quam
1844 600 1904 637 Sol
1917 612 2036 638 rorem

319 648 549 696 absumpserit.
2078 679 2079 690 ,

414 697 553 732 Tertius
568 695 614 731 est
627 717 638 736 ,
659 704 699 731 ut
716 695 826 731 scribit
838 696 1054 732 Schr‘oderus
1071 719 1082 738 ,
1103 695 1363 744 Pharmacop.l.
1376 708 1400 743 3.
1417 708 1480 742 c.3.
1493 697 1589 742 quod
1605 709 1694 745 aqua
1707 697 1793 733 roris
1809 707 1934 733 omnes
1956 696 2036 734 alias
2078 728 2079 731 ,

320 744 545 781 subtilitate&
559 744 800 791 penetratione
813 744 995 780 antecellat
1007 767 1017 785 ,
1036 745 1240 793 constetque
1253 745 1389 792 liquore
1405 744 1609 786 volatiliori,
1625 745 1758 793 saleque
1772 746 1906 781 acriori.
1958 742 2034 781 un2.
2076 775 2079 786 Υ

318 795 363 829 de
379 793 483 828 etiam
497 815 507 832 ,
524 802 562 827 ut
569 791 799 839 Palingenefia
810 815 822 832 ,
844 792 910 828 sive
925 794 1141 842 regeneratio
1157 794 1350 841 plantarum
1365 804 1409 829 ex
1417 791 1585 842 cujusque
1597 794 1720 842 plantae
1733 793 1864 830 semine
1877 794 1912 829 in
1924 792 2037 841 phiala
2077 808 2079 826 ι

323 842 432 877 vitrea
450 841 640 876 hermetice
656 839 792 875 occlusa
804 839 984 877 artificiose
1001 842 1208 882 instituatur,
1223 840 1259 877 &
1277 842 1363 876 mira
1377 853 1459 877 cum
1468 841 1704 878 oble&atione
1720 842 1938 882 exhibeatur,
1950 841 2038 878 roris
2076 871 2078 883 ,

321 888 496 925 beneficio
513 899 735 936 procuratur;
754 889 799 923 de
813 901 884 936 quo
899 889 1041 925 artificio
1051 890 1192 925 consule
1208 889 1476 926 Harstorfferum
1490 900 1578 925 tom.
1591 903 1621 926 2.
1636 890 1911 929 delic.mathem.
1921 899 1996 938 part
2004 902 2039 936 9.
2077 927 2078 930 ,

318 938 634 986 ςυ.2.6,8εὴοῑῑιιῐη
653 936 686 971 in
702 937 865 976 Mechan.
876 938 1095 986 hydropneU.
1111 948 1195 986 part.
1203 951 1233 974 2.
1249 936 1367 976 class1.
1386 950 1416 977 c.
1425 941 1456 976 6.
1478 938 1513 974 ὅ(
1529 938 1564 973 in
1576 939 1777 985 Jocoseriis‚
1793 948 1886 977 cent.
1900 949 2040 986 2.prop.

317 997 375 1032 47.
386 986 514 1020 Rorem
529 995 645 1020 tamen
654 984 870 1020 Brasilianum
886 986 1023 1035 insignis
1038 987 1197 1022 Medicus
1212 985 1288 1022 Piso
1312 987 1438 1023 virtute
1460 986 1640 1022 subtilioris
1661 987 1910 1035 penetrationis
1926 987 2037 1022 Euro-

320 1045 396 1083 paeo
406 1033 512 1081 longe
526 1032 711 1081 praevalere
725 1032 853 1080 scribit3
866 1034 937 1069 imo
953 1037 1044 1070 hanc
1059 1036 1090 1070 ei
1100 1035 1263 1071 virtutem
1278 1036 1448 1075 attribuit,
1470 1036 1566 1082 quod
1576 1034 1653 1070 lassa
1666 1036 1820 1071 membra
1837 1037 1957 1071 tamin
1970 1035 2037 1070 ho-

319 1082 470 1118 minibus
484 1104 495 1121 ,
510 1082 614 1129 quam
628 1081 812 1128 pecoribus
830 1082 974 1119 mirifice
992 1084 1171 1119 confortet
1185 1095 1198 1129 ;
1223 1083 1305 1119 cum
1320 1084 1477 1120 nativum
1497 1083 1649 1119 calorem
1665 1082 1804 1132 colligat
1819 1105 1831 1123 ,
1852 1083 1887 1120 vi
1902 1083 2039 1132 insuper

325 1130 493 1166 diuretica
507 1129 646 1178 polleat.

419 1179 573 1226 Qartus
589 1176 655 1218 est,
670 1178 766 1226 quod
782 1178 816 1213 in
830 1178 1010 1214 venenosis
1026 1178 1228 1215 animalibus
1247 1179 1383 1215 effluvia
1397 1179 1525 1215 veneni
1543 1178 1754 1228 constringat
1767 1202 1779 1220 ,
1805 1179 1901 1215 unde
1923 1177 2040 1214 minus

319 1225 559 1274 no&t1,quzim
574 1226 723 1261 interdiu
738 1227 846 1262 toxici
862 1227 1072 1263 diffundunt.
1122 1227 1181 1262 Ob
1195 1239 1299 1274 quam
1314 1227 1447 1263 causam
1456 1229 1627 1276 serpentes
1637 1228 1803 1276 quamdiu
1811 1225 2039 1276 flores&gra-

321 1276 417 1311 mina
438 1286 518 1310 rore
532 1275 692 1314 madent,
709 1275 804 1310 haud
817 1285 1033 1311 transeuntes
1053 1275 1210 1310 infestare
1234 1275 1353 1311 solent.

417 1323 573 1371 Quintus
587 1322 645 1363 est,
696 1322 790 1358 Cum
807 1323 883 1358 insit
895 1324 964 1359 rori
972 1325 1023 1359 vis
1038 1324 1182 1359 laxativa
1195 1346 1206 1364 ,
1225 1323 1325 1360 facile
1345 1323 1381 1359 in
1398 1324 1600 1360 animalibus
1621 1323 1721 1360 solvit
1734 1333 1892 1360 ventrem
1907 1346 1918 1363 2
1945 1323 2043 1359 unde

320 1382 395 1407 uvae
408 1383 488 1406 rore
504 1370 702 1407 madeiasiae
718 1371 754 1407 ὃς
767 1372 927 1408 comestae
943 1373 1071 1407 ventris
1080 1370 1290 1420 profluvium
1302 1371 1455 1412 causant,
1471 1384 1516 1408 ex
1533 1384 1594 1412 eo,
1604 1373 1701 1420 quod
1716 1384 1774 1408 ros
1789 1371 1971 1408 subtilitate
1985 1371 2042 1407 sua
2074 1377 2075 1386 ¹

319 1419 358 1455 &
375 1419 676 1455 raritateintestina
685 1429 865 1467 penetret3
881 1421 1134 1468 reddendoque
1149 1421 1250 1456 saeces
1263 1420 1410 1456 lubricas
1426 1421 1509 1457 inde
1523 1417 1670 1467 dejiciat.
1719 1421 1828 1457 Addit
1838 1419 2040 1455 Plutarchus

325 1467 444 1504 obesas
460 1467 621 1504 mulieres
637 1479 718 1503 rore
738 1469 860 1516 pannis
876 1479 935 1504 aut
952 1469 1116 1504 mollibus
1131 1466 1313 1505 velleribus
1329 1468 1479 1505 collecto
1496 1467 1533 1506 <St
1549 1478 1698 1518 excepto
1714 1469 1965 1518 pinguedinem
1973 1468 2037 1504 mi-

319 1527 429 1553 nuere
443 1516 479 1552 ὃς
492 1516 698 1552 consumere
716 1518 762 1552 ob
777 1516 949 1552 salnitrum
964 1528 1110 1565 nempe,
1128 1528 1198 1564 quo
1208 1528 1266 1553 ros
1279 1518 1442 1553 abundat.
1607 1520 1610 1523 '

417 1565 483 1600 His
497 1565 577 1599 addi
592 1564 703 1612 potest
716 1565 994 1613 experimentum
1009 1565 1163 1600 mirabile
1173 1566 1216 1602 D.
1229 1565 1381 1600 Danielis
1399 1565 1571 1602 Ludovici
1593 1565 1629 1600 in
1649 1563 1866 1601 artificialiter
1881 1563 2040 1600 distinato

320 1624 401 1650 rore
417 1610 530 1659 majali
544 1626 553 1648 ε
570 1613 628 1648 hic
645 1612 756 1653 enim,
774 1614 858 1648 dum
874 1613 1058 1661 aliquando
1071 1623 1276 1662 argenteum
1291 1614 1476 1649 cochleare
1491 1611 1828 1660 ejusmodidistillato
1844 1614 1914 1649 rori
1928 1612 2040 1648 immi-

322 1661 423 1701 sisset,
439 1671 523 1697 mox
537 1672 643 1696 aureo
654 1661 774 1697 colore
789 1662 963 1697 imbutum
977 1662 1122 1710 reperit3
1136 1663 1220 1697 dum
1234 1661 1270 1698 &
1281 1661 1386 1697 altera
1396 1661 1531 1698 'rursum
1546 1662 1624 1699 vice
1638 1660 1848 1698 immersisset
1855 1671 1954 1711 grato
1961 1672 2043 1710 pur·

325 1721 420 1759 purae
440 1709 561 1745 colore
576 1708 723 1745 ti-nEium
739 1710 895 1745 advertit.
1430 1739 1434 1742 .

421 1757 611 1793 Conclusio
621 1758 750 1805 quinta
799 1756 924 1793 Pruina
931 1756 980 1792 est
994 1769 1102 1806 vapor
1116 1757 1231 1793 tenuis
1244 1777 1255 1796 ς
1271 1757 1290 1793 a
1305 1756 1443 1793 terrain
1460 1758 1658 1805 proximum
1682 1762 1797 1793 aerem
1821 1756 1961 1793 eveerus
1976 1779 1986 1797 ,
2006 1755 2043 1793 ὅ(
2066 1799 2067 1803 ¹

323 1806 344 1843 ὲ
359 1806 488 1855 frigore
509 1807 545 1840 in
570 1804 640 1840 salis
657 1805 747 1853 quasi
763 1806 911 1841 sormam
928 1805 1142 1841 constridhxs.
1192 1806 1349 1843 ItaArist.
1359 1818 1380 1841 1.
1394 1805 1482 1841 Met.
1497 1817 1547 1841 10.
1564 1806 1653 1842 dieta
1662 1806 1708 1841 est
1721 1805 1859 1855 pruina,
1869 1805 1959 1854 quasi
1968 1816 2042 1853 per·

324 1855 424 1890 urina
435 1856 558 1902 ,quod
571 1864 646 1890 urat
659 1856 815 1895 arbores,
829 1854 864 1890 ὅ(
881 1853 982 1889 flores
997 1867 1009 1898 ς
1027 1855 1257 1890 vehementer
1269 1855 1364 1890 enim
1384 1854 1444 1889 suo
1460 1854 1589 1903 frigore
1604 1865 1711 1890 nocet·
1730 1856 1907 1890 arboribus
1927 1864 2038 1890 verno

324 1913 487 1951 tempore
499 1902 784 1952 germinantibus.
834 1902 1064 1939 Conveniunt
1078 1903 1200 1951 pruina
1213 1903 1249 1939 &
1262 1913 1320 1937 ros
1333 1903 1369 1937 in
1384 1903 1524 1938 materia
1536 1925 1547 1943 ³
1570 1904 1667 1939 causa
1682 1902 1857 1939 efficiente
1869 1925 1880 1943 ,
1893 1901 1975 1938 loco
1988 1902 2045 1943 ,&

321 1961 485 1999 tempore
498 1964 509 1997 3
523 1948 689 1986 differunt
702 1962 819 1986 autem
832 1950 1085 2000 primoforma,
1101 1950 1179 1999 quia
1192 1961 1300 1998 vapor
1313 1949 1399 1986 roris
1413 1963 1487 1986 non
1503 1951 1706 2001 congelatur
1722 1975 1734 1992 ,
1756 1952 1813 1987 sed
1832 1951 2045 1987 convertitur

326 2001 364 2036 in
380 2011 503 2047 aquam
513 2011 524 2044 ;
536 2011 645 2046 vapor
659 2009 776 2035 autem
789 2000 920 2047 pruinae
937 1999 1157 2048 congelatur,
1171 1996 1323 2035 &instar
1337 1998 1407 2034 salis
1423 1998 1676 2048 constringitur·
1725 2000 1889 2036 Secundo
1904 1999 2045 2047 qualita-

326 2049 418 2085 tibus
432 2061 444 2093 3
456 2059 516 2083 ros
536 2049 629 2082 enim
645 2047 692 2083 est
703 2050 895 2095 temperate
912 2047 1040 2084 calidus
1056 2069 1067 2088 ,
1084 2046 1120 2084 ὃς
1133 2047 1298 2083 humidus
1312 2070 1323 2089 ,
1339 2047 1470 2084 &ideo
1493 2047 1585 2084 laetas
1600 2048 1635 2084 ἀ
1651 2049 1772 2084 uberes
1795 2049 1877 2084 facit
1897 2047 2025 2096 segetes
2032 2059 2046 2094 3
2062 2075 2064 2080 ,

326 2097 449 2145 pruina
458 2096 606 2131 omnino
621 2095 671 2131 est
684 2096 824 2144 frigida,
834 2096 871 2132 &
884 2106 1067 2145 propterea
1081 2096 1304 2132 inimicavitae
1318 2108 1434 2131 rerum
1442 2096 1616 2132 omnium.
1665 2096 1787 2132 Tertio
1794 2108 1852 2132 ros
1861 2105 2044 2145 generatur

324 2156 489 2193 tempore
504 2143 687 2192 tranquillo
703 2144 739 2180 ὅ(
753 2154 966 2192 temperat-03
986 2145 1108 2192 pruina
1120 2154 1237 2180 autem
1252 2144 1485 2193 frigidioribus
1511 2144 1548 2181 ἀ
1571 2144 1737 2193 imprimis
1760 2143 1796 2180 in
1819 2156 1941 2179 aurora
1954 2167 1964 2183 ,
1986 2142 2043 2179 ubi
2060 2144 2063 2148 '

325 2195 480 2230 abundat
501 2193 608 2242 frigus
630 2193 900 2242 congelativum,
958 2193 1098 2241 Qarto
1117 2204 1176 2228 ros
1190 2191 1230 2228 fit
1243 2202 1436 2241 temperate
1449 2191 1554 2229 flante
1570 2203 1677 2228 vento
1692 2193 1852 2233 Australi,
1870 2192 1905 2228 ἀ
1920 2192 2046 2227 Orien·
2059 2192 2068 2217 ‘3

327 2241 386 2278 tali
401 2255 414 2287 3
431 2241 553 2289 pruina
573 2253 657 2277 vero
674 2240 779 2277 flante
792 2242 1019 2290 utplurimum
1033 2251 1141 2278 vento
1157 2240 1289 2277 Boreali
1302 2254 1313 2287 ;
1328 2253 1410 2277 nam
1425 2241 1510 2278 sicut
1522 2241 1645 2278 Auster
1658 2242 1739 2277 iacit
1757 2241 1963 2290 temperiem
1975 2263 1986 2282 ,
2000 2240 2047 2277 ita
2066 2280 2067 2283 ,

327 2290 460 2328 Boreas
481 2290 644 2338 rigorem.
1291 2293 1294 2296 ⁴
1576 2302 1578 2304 ·
1597 2292 1599 2294 ’

427 2337 624 2374 Conclusio
633 2337 733 2376 sexta.
783 2336 855 2373 Nix
870 2336 906 2372 ὅ(
915 2338 1037 2385 pruina
1049 2338 1108 2374 ersi
1117 2337 1189 2373 hoc
1204 2337 1356 2373 habeant
1363 2349 1572 2378 commune,
1587 2338 1685 2385 quod
1694 2348 1881 2386 utrumque
1893 2333 1953 2374 fiat
1961 2347 2046 2373 con-

326 2386 487 2423 cretione
495 2385 532 2422 &
541 2386 657 2422 album
664 2385 702 2421 sit
711 2409 722 2426 ,
736 2386 790 2421 his
803 2396 921 2421 tamen
930 2396 1080 2434 quatuor
1088 2382 1302 2434 potiffimum
1311 2387 1402 2422 inter
1411 2385 1442 2422 se
1451 2386 1626 2425 differunt.
1676 2386 1793 2422 Primo
1801 2386 1951 2422 materiae
1964 2396 2046 2434 qua-

328 2436 423 2472 litate
438 2435 605 2483 quoniam
620 2435 680 2470 nix
694 2434 715 2470 έ
730 2430 906 2474 crassiore,
922 2436 1044 2482 pruina
1057 2446 1142 2471 vero
1159 2444 1201 2470 ex
1210 2432 1384 2470 subtiliore
1399 2434 1436 2470 fit
1448 2447 1586 2483 vapore.
1612 2437 1615 2439 ’
1637 2435 1802 2471 Secundo
1820 2434 2045 2482 forma,quo·

327 2485 421 2521 niam
436 2483 493 2519 nix
509 2482 556 2519 est
572 2479 725 2524 craffior,
743 2483 867 2531 pruina
888 2482 1054 2522 subtilior,
1102 2483 1333 2523 Tertioloco,
1350 2484 1409 2518 nix
1418 2484 1511 2519 enim
1526 2484 1561 2519 in
1571 2484 1703 2523 media,
1715 2483 1837 2531 pruina
1852 2494 1936 2519 vero
1951 2482 2045 2518 inin-

329 2532 412 2569 fima
425 2531 464 2567 fit
476 2533 562 2567 aeris
577 2532 732 2580 regione.
783 2532 920 2579 Qarto
930 2532 1048 2567 nivem
1063 2532 1265 2579 praecedunt
1278 2533 1387 2567 nubes
1401 2554 1411 2571 ,
1424 2532 1582 2579 pruinam
1600 2544 1674 2568 non
1687 2532 1899 2579 praecedunt.

430 2581 575 2629 Qaeres
585 2581 711 2628 primo.
762 2580 838 2616 Cur
861 2581 983 2628 pruina
997 2580 1204 2628 plerumque
1218 2580 1331 2615 fiete-at
1345 2580 1358 2615 ἓ
1383 2578 1591 2628 Respondeo
1604 2603 1616 2621 ,
1628 2581 1801 2616 rationem
1815 2578 1899 2620 esse,
1913 2578 1994 2626 quia
2008 2575 2047 2614 fit

332 2629 353 2665 ὲ
369 2631 511 2665 materia
525 2629 659 2676 impura
674 2629 814 2668 foetida,
831 2629 903 2664 hoc
917 2628 980 2669 est,
993 2640 1036 2663 ex
1050 2628 1305 2664 commixtione
1319 2628 1545 2664 exhalationis
1561 2629 1678 2665 calidae
1695 2639 1776 2664 cum
1792 2638 1922 2676 vapore
1933 2625 2062 2669 humi-v

331 2679 379 2714 do
388 2701 398 2719 ‚
412 2689 454 2713 ex
468 2677 610 2713 sordidis
626 2676 843 2725 palustribus,
860 2676 896 2713 ὅ(
910 2677 1049 2713 caenosis
1058 2677 1145 2712 locis
1158 2676 1293 2713 elevato
1306 2699 1317 2717 ,
1332 2676 1387 2713 vel
1403 2677 1488 2713 vero
1506 2678 1553 2713 ob
1566 2676 1723 2713 terrestre
1736 2676 1929 2713 admixtum
1943 2674 1979 2712 ὅ(
1991 2673 2046 2710 sri-

330 2738 419 2810 go-re
432 2726 645 2774 impediente
658 2737 732 2761 non
741 2724 999 2775 consumptum.
1049 2725 1146 2761 Hinc
1163 2724 1247 2761 illud
1256 2729 1388 2762 Portsma
1405 2741 1418 2763 .·
1438 2737 1551 2773 aquam
1565 2739 1603 2760 ex
1612 2729 1723 2774 pruina
1738 2725 1867 2770 silurum
1880 2723 1928 2771 effe
1940 2723 2046 2769 ἰκρία.

351 2786 510 2810 errtmam.

429 2823 573 2871 Qaeres
581 2821 758 2859 Secundo.
808 2821 914 2858 Unde
928 2821 965 2858 sit
982 2821 1066 2858 alba.
1115 2819 1343 2870 Respondeo,
1357 2820 1516 2869 pruinam
1531 2819 1701 2858 albescere
1714 2831 1758 2857 ex
1772 2818 2045 2869 nimiafrigidita·

334 2879 388 2912 te,
399 2872 517 2907 minus
526 2881 643 2907 tamen
653 2869 825 2907 candescit
832 2871 936 2919 quam
945 2871 1021 2911 nix,
1029 2871 1109 2919 quia
1116 2871 1221 2906 habet
1228 2870 1421 2906 admixtum
1430 2867 1558 2918 aliquid
1567 2872 1612 2906 de
1619 2876 1698 2906 ae're
1707 2870 1790 2905 sicut
1802 2869 1862 2904 nix
1875 2882 1886 2914 3
1902 2867 1959 2903 sed
1972 2878 2046 2903 non

337 2919 384 2954 ita
398 2921 441 2954 de
457 2931 546 2968 puro
564 2925 643 2956 aere
655 2942 666 2960 ,
680 2920 759 2966 quia
771 2919 913 2967 propius
927 2921 971 2953 ad
978 2929 1103 2954 terram
1114 2928 1312 2968 generatur.
1363 2918 1469 2954 Unde
1486 2919 1589 2955 etiam
1607 2917 1736 2957 nonita
1747 2930 1820 2955 rara
1827 2916 1875 2954 est
1883 2915 2048 2964 si'cutnix5

338 2979 412 3015 quo
423 2969 517 3005 enim
530 2974 588 3006 aer
601 2968 649 3005 est
662 2964 816 3010 craffior,
831 2979 875 3004 eo
891 2968 1046 3004 tenacius
1063 2979 1145 3005 cum
1152 2968 1337 3018 vaporibus
1351 2966 1564 3017 coagulatur-

1897 3145 1899 3147 ,
1939 3073 2058 3181 ρυπῖἶ
