2087 3610
331 260 414 314 188
984 228 1345 316 Meteorologia

431 324 620 364 Conclusio
639 324 738 362 sexta.
787 322 998 361 Perennium
1008 323 1444 370 sontium‚fluvi0rumque
1456 320 1636 370 praesertim
1649 317 1822 369 majorum
1836 320 2006 371 originem
2018 324 2038 362 ὲ
2080 351 2083 358 ,

333 377 419 412 mari
435 375 512 411 esse.
562 376 776 412 Nititurhaec
794 373 927 409 assertio
943 373 1036 409 hisce
1049 370 1261 420 potissimum
1276 373 1495 420 argumentis.
1543 371 1678 410 Primo,
1695 372 1773 418 quia
1789 371 1986 407 incredibile
2001 385 2038 408 o.·
2061 372 2063 408 ’Ξ

333 425 457 460 mnino
464 425 601 460 videtur
608 448 618 464 ‚
627 433 664 459 ut
674 424 707 457 in
717 422 821 470 priori
831 422 1068 457 Conclufione
1078 420 1282 456 insinuatum
1290 443 1301 460 a
1310 430 1446 455 tantum
1456 429 1550 467 aquae
1559 431 1601 454 ex
1610 419 1792 466 vaporibus
1802 418 1837 454 ὃ(
1845 425 1923 453 a'e're
1933 419 1966 454 in
1974 430 2039 456 ter-

334 485 380 510 rae
394 473 413 507 fi
419 485 464 508 nu
473 473 628 519 generari
637 494 647 511 ³
656 478 714 506 aut
722 482 764 506 ex
772 470 928 505 deciduis
938 470 1102 505 imbribus
1111 467 1294 516 profluere,
1303 478 1340 504 ut
1349 469 1391 503 ad
1400 478 1470 504 tam
1478 479 1643 516 magnum
1652 469 1688 502 fo
1694 477 1804 502 ntanae
1814 467 1849 502 &
1858 466 2000 503 fluvialis
2007 484 2040 508 a.

335 533 412 569 quae
426 511 603 557 defluxum
612 543 622 560 a
635 520 671 555 &
679 520 720 553 ad
729 528 783 554 tot
792 518 1009 566 scaturigines
1017 518 1197 565 replendas
1206 515 1359 552 sufficiat.
1409 517 1573 551 Secundo
1582 539 1592 555 ‚
1600 516 1678 563 quia
1687 516 1838 562 alioquin
1847 515 1939 550 nulla
1947 514 2042 569 affig,
2063 542 2064 546 ,

336 580 476 606 naretur
488 581 549 605 cau
555 569 584 604 sa
593 566 763 603 sufficiens
770 589 781 606 2
790 578 851 601 cur
859 578 901 601 ex
910 575 1079 614 perpetuo
1089 564 1277 600 fluviorum
1285 562 1415 601 accessu
1426 575 1520 599 mare
1528 575 1600 599 non
1608 564 1829 598 redundaret.
1880 564 2042 612 Qomo.
2063 562 2064 607 1

337 619 385 654 do
401 630 434 654 v.
444 632 474 667 g⁴
484 628 554 653 tam
564 616 663 651 multi
672 625 791 651 amnes
801 614 984 650 exPerfide
992 636 1003 653 0
1017 613 1217 649 exTattaria
1237 613 1273 649 ὅ(
1281 612 1462 648 Moscovia
1471 614 1654 647 decurrant
1662 612 1696 646 in
1706 623 1800 646 mare
1811 611 1990 659 Caspium:
2005 628 2043 655 ac
2063 610 2077 652 l⁴

336 667 486 702 maxime
494 667 578 713 Volga
594 663 718 698 fluvius
731 686 741 702 ‚
755 663 813 710 qui
823 672 861 697 ut
871 662 982 698 scribit
989 656 1023 697 Ρ.
1037 662 1218 697 Fornarius
1230 661 1265 696 in
1276 661 1559 708 Hydrographia,
1575 659 1785 707 septuaginta
1800 660 1938 695 duobus
1952 660 2043 700 ostiis
2064 661 2081 699 1.·

339 715 374 750 in
385 716 492 763 ipsum
502 724 595 749 mare
604 711 766 758 Caspium
780 710 994 750 devolvitur,
1002 721 1069 745 nec
1081 719 1200 745 tamen
1216 718 1375 757 appareat
1390 709 1497 743 ullum
1515 709 1596 743 inde
1611 709 1766 754 accipere
1780 708 2044 752 incrementum,
2064 709 2065 730 ³
2073 727 2082 749 2

337 762 508 810 Idemque
518 761 831 796 inmediterranem
848 759 882 794 ὅ(
893 760 928 794 in
937 759 1087 794 Oceano
1099 769 1159 805 per
1173 757 1437 805 proportionem
1449 757 1607 792 videmus
1616 756 1832 803 contingere.
1858 757 1976 803 Qare
1985 771 2044 796 ne·

339 810 427 847 cesse
435 810 492 850 est,
500 821 561 857 per
569 818 701 843 meatus
711 807 945 844 subterraneos
956 808 1112 842 diffluere
1119 807 1190 841 vim
1199 805 1289 840 illam
1299 815 1461 849 aquarum
1470 825 1480 843 ‚
1494 814 1568 850 qua:
1583 812 1729 850 pepetua
1738 803 1843 839 veluti
1852 805 2044 842 circulatio:
2064 799 2066 850 1

337 869 386 895 ne
393 861 510 894 redeat
517 858 559 892 ad
569 869 608 892 ea
616 857 705 897 loca,
714 857 748 891 in
758 856 881 904 quibus
887 856 994 904 vulgo
1004 855 1314 903 deprehenduntur
1323 850 1508 886 fluviorum
1519 863 1557 886 ac
1565 852 1714 886 sontium
1726 850 1954 901 scaturigines,
1975 857 2046 891 Ad.
2064 851 2071 886 1

340 909 402 948 de,
411 908 505 955 quod
515 915 663 953 quatuor
671 904 726 940 illa
735 904 872 951 paradisi
880 903 1023 939 flumina
1033 915 1105 936 non
1117 901 1295 948 potuerint
1305 911 1346 934 ex
1353 899 1554 947 vaporibus,
1563 909 1620 934 aut
1631 911 1671 934 ex
1680 899 1800 946 pluviis
1810 902 1914 949 gigni,
1947 904 2001 938 uia
2009 915 2044 940 e.
2064 889 2076 942 1’

338 964 506 1004 ruperunt
516 954 622 989 subito
637 954 680 988 ad
688 953 870 999 imperium
882 951 967 995 Dei3
977 948 1165 997 nequeulla
1175 947 1458 983 commodiorvia
1472 947 1618 994 suppetit
1633 948 1675 982 ad
1690 948 1926 994 explicandam
1985 952 2047 991 rni-
2064 952 2066 987 1

340 1017 426 1040 num
436 1003 605 1051 originem
613 1024 623 1041 a
633 1012 736 1049 quam
746 999 768 1034 fi
776 1000 941 1039 dicamus,
950 996 1111 1047 perfossas
1119 996 1185 1032 effe
1193 997 1211 1031 a
1219 996 1317 1032 DEO
1327 996 1461 1031 canales
1473 996 1506 1029 in
1516 1006 1605 1030 terra
1615 995 1670 1030 die
1678 997 1856 1043 tertiQper
1863 1010 1951 1042 quos
1960 1012 2047 1047 aqua
2065 992 2082 1041 lis

340 1053 514 1088 derivetur
524 1051 537 1083 ἡ
547 1050 631 1085 mari
647 1049 690 1084 ad
700 1060 761 1083 ora
769 1046 964 1083 fluminum.
992 1046 1104 1095 Qod
1113 1045 1223 1093 ipsum
1231 1044 1267 1080 ὅ(
1277 1044 1399 1080 divina:
1412 1044 1530 1079 litterae
1539 1056 1600 1090 cap.
1609 1045 1687 1078 Eccl.
1696 1057 1716 1078 ι.
1736 1056 1810 1078 non
1823 1046 1968 1083 obscure
1985 1050 2048 1083 do·
2065 1043 2072 1086 l

340 1099 491 1136 centillis
501 1099 632 1135 verbis:
646 1096 878 1143 omm'aflnmina
891 1101 1003 1130 intrant
1010 1100 1041 1129 in
1048 1107 1148 1134 mare,
1163 1094 1290 1130 &mare
1298 1107 1354 1126 non
1367 1092 1539 1137 redundat'3
1555 1092 1598 1126 ad
1609 1092 1722 1132 locum,
1738 1092 1817 1126 unde
1828 1095 2048 1140 exeuntflumi.
2059 1092 2073 1134 ’1

341 1161 382 1183 na
391 1158 615 1191 ,revertuntur‚
631 1157 661 1179 nt
669 1151 777 1179 iterum
782 1145 893 1191 fluant.
2066 1140 2075 1182 l

441 1197 612 1242 Oppones
622 1203 738 1229 tamen
748 1202 869 1228 contra
878 1193 1001 1239 prImO.
1051 1193 1153 1237 Aqua
1161 1189 1311 1224 fontium
1322 1188 1357 1224 ὅ(
1368 1187 1554 1224 fluviorum
1572 1187 1683 1223 dulcis
1700 1187 1763 1228 est,
1780 1200 1860 1225 cum
1876 1185 1995 1227 tamen
2008 1204 2051 1229 ex
2066 1187 2068 1226 1

342 1245 428 1281 mari
439 1255 511 1278 non
521 1252 703 1291 promanet
719 1241 786 1276 ulla
795 1240 854 1278 nisi
865 1239 955 1279 salsa,
963 1239 1059 1275 unde
1069 1250 1111 1275 ex
1118 1238 1203 1273 mari
1214 1249 1287 1272 non
1296 1238 1479 1272 derivatur.
1498 1248 1501 1252 ’
1530 1236 1737 1282 Respondeo
1746 1258 1757 1276 2
1765 1237 1844 1273 ideo
1853 1251 1976 1285 aquam
1986 1239 2050 1276 flu·
2066 1229 2071 1285 ’1

342 1293 445 1329 minis
455 1292 592 1327 dulcem
605 1289 688 1329 esse,
698 1289 854 1337 quamvis
864 1289 883 1324 e
892 1288 975 1323 mari
985 1288 1159 1322 derivetur
1167 1309 1176 1326 ,
1185 1286 1264 1333 quia
1273 1297 1333 1332 per
1342 1295 1438 1320 terrae
1454 1296 1558 1321 venas
1568 1286 1602 1321 &
1612 1284 1710 1319 fibras
1719 1307 1729 1324 ,
1744 1296 1874 1333 perque
1881 1287 2051 1325 ansrachs
2066 1298 2068 1322 z

345 1340 551 1388 multiplices
559 1340 734 1374 verberata
751 1337 786 1373 ὅ(
802 1337 948 1384 eliquata
965 1334 1255 1374 transcolatum&
1274 1334 1538 1368 amaritudinem
1556 1333 1710 1381 deponit.
1762 1334 1830 1369 Cui
1844 1335 1892 1369 rei
1908 1348 1981 1371 non
1994 1349 2050 1384 pa.
2072 1373 2075 1378 ,

344 1400 424 1426 rum
439 1389 540 1425 etiam
556 1387 748 1423 consertvis
764 1385 895 1432 ignium
912 1384 1230 1423 subterrari-eorum,
1245 1395 1325 1417 nam
1343 1383 1469 1416 horum
1488 1381 1658 1417 beneficio
1675 1391 1898 1418 attenuantur
1913 1406 1923 1423 a
1946 1386 2050 1433 exspi·
2066 1381 2085 1432 (ξ

342 1447 491 1485 rantque
501 1436 569 1472 salis
581 1435 710 1483 spiritus
724 1433 933 1470 illiadmixti.
985 1433 1092 1472 Sicut,
1102 1431 1122 1466 si
1133 1431 1168 1466 in
1178 1431 1348 1466 a‘lembico
1365 1431 1479 1465 calore
1487 1432 1669 1466 moderato
1685 1429 1862 1466 distilletur
1878 1443 1966 1479 aqua
1980 1427 2050 1470 rna-
2067 1445 2083 1480 11

342 1486 406 1528 ris,
415 1486 528 1522 evadit
536 1484 658 1521 dulcis.
904 1507 906 1509 ·
955 1520 961 1526 ,
2031 1509 2034 1514 ,
2067 1490 2084 1513 ‘r

442 1535 614 1581 Oppones
624 1532 787 1572 secundo,
797 1531 892 1579 quod
901 1531 970 1565 hoc
979 1530 1088 1565 modo
1099 1540 1171 1563 non
1180 1528 1415 1574 videatunqua
1423 1527 1557 1562 ratione
1566 1539 1653 1574 aqua
1664 1525 1932 1575 suopteingenio
1941 1531 2051 1578 gravis
2067 1530 2084 1563 ’1

344 1578 447 1633 possit
457 1582 638 1618 ascendere
646 1581 665 1615 e
673 1581 757 1615 mari
765 1581 801 1614 in
810 1577 985 1615 altiffimos
1000 1587 1137 1613 montes
1148 1599 1158 1616 ,
1166 1577 1185 1611 e
1194 1577 1316 1623 quibus
1324 1585 1392 1611 tarn
1403 1576 1509 1610 multa
1518 1573 1659 1610 flumina
1668 1586 1865 1623 erumpunt.
1900 1578 2051 1626 Respoq.
2068 1593 2081 1599 =·

345 1633 427 1672 deo,
437 1631 569 1667 causam
579 1627 683 1676 hujus
691 1629 843 1664 ascensus
852 1626 946 1674 posse
955 1625 1020 1661 esse
1028 1626 1141 1673 primo
1151 1626 1247 1673 ignes
1257 1624 1629 1670 subterraneos‚quibus
1638 1635 1724 1671 aqua
1732 1635 1914 1670 vaporatur
1924 1627 2050 1664 sursum

345 1681 389 1716 ad
399 1690 494 1715 terrae
505 1677 716 1726 superficiem
726 1700 735 1716 ‚
744 1688 805 1723 per
813 1674 911 1722 cujus
920 1674 1070 1710 naturale
1082 1673 1187 1721 siigus
1196 1673 1376 1708 addensiita
1385 1695 1394 1711 ‚
1403 1673 1526 1707 iterum
1544 1672 1577 1706 in
1593 1683 1716 1708 terram
1733 1672 1822 1707 redit
1834 1695 1844 1712 -,
1861 1673 1943 1709 sicut
1956 1677 2050 1712 vide·
2067 1676 2084 1717 ’,ἱ

343 1740 423 1765 mus
437 1729 472 1763 in
481 1725 665 1764 alembicis.
714 1726 820 1760 Unde
830 1722 1092 1771 saepeaquileges
1101 1721 1195 1768 supra
1206 1721 1314 1768 capita
1329 1721 1479 1755 sontium
1495 1720 1577 1755 nihil
1593 1719 1773 1756 iuveniunt
1781 1721 1837 1755 nisi
1845 1717 2052 1760 roscidos'la.
2067 1727 2082 1752 ·-'

346 1777 461 1826 pides,
471 1776 507 1811 ὅ(
516 1786 640 1810 terram
650 1772 894 1808 humee'catam.
947 1772 1042 1806 Hinc
1053 1771 1184 1818 signum
1196 1769 1298 1803 etiam
1312 1780 1408 1804 venae
1424 1768 1559 1803 latentis
1569 1768 1772 1808 est,1imane
1781 1781 1943 1816 vaporem
1952 1782 2052 1808 tenua
2062 1772 2086 1812 ,³13

345 1837 404 1862 em
420 1827 438 1860 e
453 1834 541 1860 terra
556 1822 724 1858 sublatum
732 1822 900 1860 videaffiut
907 1821 1010 1855 tradit
1018 1818 1197 1853 Vitruvius
1206 1817 1262 1851 lib.
1273 1823 1302 1857 8.
1312 1829 1341 1854 c.
1352 1828 1374 1851 1.
1429 1816 1470 1852 Et
1479 1817 1550 1851 haec
1561 1817 1661 1851 etiam
1670 1817 1798 1864 poterit
1807 1817 1872 1853 esse
1879 1820 1981 1860 ratio„
1992 1833 2053 1857 cur
2062 1828 2083 1849 μ’

345 1875 493 1911 hiberno
502 1883 661 1918 tempore
669 1869 938 1905 abundantiores
948 1868 1110 1914 sintaquae
1121 1866 1271 1900 sontium
1280 1887 1290 1904 2
1308 1866 1386 1912 quia
1399 1864 1523 1900 scilicet
1532 1864 1644 1912 plures
1654 1866 1688 1900 in
1704 1875 1799 1900 terrae
1809 1867 1989 1906 visceribus
2004 1870 2054 1905 in-
2068 1868 2069 1887 ³

345 1913 1232 1967 cludunturspiritus‚aquibusvaporaripollitaqua.
1284 1914 1386 1948 Hanc
1401 1914 1445 1948 ob
1455 1914 1588 1949 causam
1605 1913 1708 1962 igitur
1725 1914 1899 1950 abundare
1913 1927 2054 1954 montes
2068 1935 2069 1938 ¹

348 1971 459 2007 solent
469 1969 622 2005 fontibus
630 1990 640 2008 ,
654 1968 732 2015 quia
741 1968 836 2015 ignes
845 1965 1051 2013 plerumque
1060 1964 1189 1999 habent
1200 1962 1397 2009 suppositos.
1448 1962 1611 1997 Secundo
1620 1984 1629 2001 ‚
1639 1974 1699 1997 cau
1706 1962 1736 1996 sa
1749 1961 1815 1997 effe
1823 1963 1948 2010 potest,
1958 1967 2054 2012 quod

344 2031 435 2067 aqua
444 2030 484 2054 ex
493 2017 619 2053 mariin
627 2015 761 2051 canales
771 2015 1007 2050 subterraneos
1017 2011 1167 2060 profusa,
1176 2020 1272 2046 tanto
1286 2012 1443 2058 pondere
1455 2011 1687 2046 incumbentis
1706 2010 1804 2057 ipsius
1818 2013 1920 2047 maris
1936 2025 2053 2062 urgea-

346 2078 419 2108 tur,
429 2077 468 2102 ut
483 2077 628 2114 cogatur
637 2063 748 2099 efferri
766 2062 902 2098 sursum.
1778 2078 1781 2082 -
2062 2073 2069 2088 „

444 2116 571 2162 Neque
581 2114 684 2152 dicas,
694 2112 900 2159 superiorem
909 2121 1032 2158 aquam
1042 2120 1115 2143 non
1125 2118 1282 2155 premere
1297 2115 1418 2142 contra
1428 2106 1627 2141 inferiorem
1637 2129 1644 2146 ,
1655 2119 1732 2141 nam
1749 2106 1845 2146 dico,
1853 2119 1974 2144 verum
1990 2109 2055 2147 esse
2068 2106 2079 2150 l'

349 2164 432 2201 illud
441 2187 449 2203 ‚
460 2164 516 2198 ubi
527 2162 666 2197 inferior
676 2161 822 2196 eandem
834 2161 937 2194 habet
950 2159 1148 2206 gravitatem
1162 2168 1241 2191 cum
1252 2155 1422 2202 superiori.
1435 2155 1525 2199 Quia
1535 2165 1648 2189 autem
1659 2166 1701 2189 ex
1709 2156 1792 2189 mari
1801 2151 2064 2206 effunditurper*
2080 2169 2084 2191 τ

348 2213 475 2249 traditis
486 2214 493 2244 s
499 2211 733 2248 sibrei-raneos,
741 2209 786 2243 ob
799 2208 921 2244 variam
933 2207 1020 2241 illam
1031 2205 1255 2253 agitationem
1265 2204 1622 2238 &reverberationem
1634 2226 1643 2242 ,
1653 2205 1734 2238 dum
1747 2205 1791 2238 ob
1801 2204 1921 2240 caloris
1931 2207 2063 2243 subter-'

337 2296 339 2298 .
349 2263 443 2304 ranei
460 2259 722 2306 adn-iixdonem,
731 2258 774 2291 de
783 2268 853 2303 quo
864 2256 973 2291 modo
984 2253 1157 2300 ajebamus
1166 2277 1176 2292 ⁷
1186 2261 1382 2288 attenuatur
1391 2274 1402 2291 ,
1421 2250 1764 2298 efficiturquelevior.
1815 2253 1856 2288 Et
1864 2265 1948 2289 vero
1959 2256 2069 2294 dubi-1

346 2322 407 2346 um
423 2321 494 2345 non
506 2307 659 2354 est,quin
668 2317 753 2353 aqua
762 2305 869 2340 dulcis
880 2304 989 2339 levior
998 2303 1161 2349 sit‚quam
1173 2301 1255 2336 salsa.

438 2357 556 2392 Tertia
564 2355 659 2390 causa
670 2352 735 2389 esse
744 2353 855 2401 potest
866 2363 962 2387 terrae
971 2352 1099 2386 siccitas
1109 2374 1118 2390 2
1128 2362 1202 2397 quae
1213 2361 1336 2396 aquam
1349 2348 1434 2397 sugit
1443 2347 1541 2382 instar
1558 2347 1705 2395 spongia:
1716 2346 1751 2383 &
1769 2348 2055 2389 eminentioribus
2069 2378 2070 2382 ,

341 2403 428 2443 locis
436 2405 564 2443 reddit,
577 2404 658 2439 licut
667 2403 871 2450 contingere
880 2401 1037 2436 videmus
1048 2399 1081 2433 in
1089 2400 1211 2447 pannis
1225 2398 1261 2433 &
1270 2408 1369 2445 pane.
1395 2396 1460 2431 Alii
1472 2397 1614 2437 demum
1626 2397 1729 2431 etiam
1739 2396 1771 2431 vi
1780 2396 1970 2434 coelestium
1980 2411 2057 2436 cor-

340 2466 468 2504 porum
479 2452 604 2488 sursum
615 2451 736 2486 attrahi
746 2462 869 2497 aquam
880 2449 1030 2483 censent.
2030 2468 2032 2471 .

335 2503 338 2506 ”
442 2502 613 2549 Oppones
622 2500 736 2534 tertio.
764 2499 797 2533 Si
807 2496 948 2532 flumina
958 2497 991 2531 ὅ(
1003 2497 1118 2530 fontes
1129 2506 1170 2529 ex
1178 2494 1262 2537 mari
1273 2502 1388 2528 ortum
1400 2495 1544 2532 ducunt,
1554 2504 1730 2540 nunquam
1747 2493 1913 2529 deberent
1930 2495 2054 2533 defice-
2069 2515 2070 2520 =

338 2561 465 2592 ¹{remur
475 2549 649 2587 exsiccari,
659 2547 755 2595 quod
769 2557 886 2581 tamen
904 2545 986 2593 sirpe
1001 2543 1184 2591 contingit.
1235 2542 1462 2588 Respondeo‚
1473 2552 1593 2576 verum
1609 2541 1689 2575 illud
1700 2540 1938 2579 effe22naxi1ne
1959 2545 2003 2579 de
2016 2545 2069 2580 iis*

341 2600 500 2637 fontibus
508 2598 567 2645 qui
576 2597 734 2631 oriuntur
743 2606 784 2629 cx
799 2594 1027 2638 zierevapidm
1037 2592 1071 2627 ἃ
1080 2591 1175 2638 aquis
1185 2589 1399 2637 pluvialibus.
1451 2590 1661 2636 Quanquam
1674 2590 1708 2624 ὅ(
1722 2588 1814 2624 fluvii
1823 2612 1831 2628 2
1842 2591 1900 2637 qui
1916 2603 1958 2626 ex
1973 2594 2057 2629 mari

343 2657 571 2696 promanant,
585 2642 711 2693 possint
724 2644 899 2678 interdum
918 2641 1086 2679 des-icere,
1101 2641 1121 2674 si
1137 2638 1387 2675 collabentibus
1402 2639 1515 2676 terris,
1536 2638 1669 2672 canales
1692 2649 1813 2672 eorum
1830 2638 2069 2682 obstruantur.v

344 2697 510 2733 Praeterea
526 2693 597 2730 fieri
607 2695 677 2728 hoc
686 2691 796 2740 potest
810 2693 855 2726 ob
868 2703 995 2726 novam
1007 2688 1114 2736 sylvae,
1123 2686 1651 2733 arborumqueprocreationem,
1661 2685 1738 2738 quia
1748 2686 1799 2720 hae
1809 2686 1973 2735 uliginem
1990 2700 2056 2725 ter.

345 2757 389 2781 1·ae
397 2768 408 2785 .,
418 2744 453 2780 &
461 2755 582 2790 aquam
593 2741 649 2777 sibi
658 2742 692 2775 in
708 2740 910 2774 alimentum
919 2739 1103 2776 advocant.
1153 2736 1280 2770 Pariter
1293 2746 1383 2769 nova
1393 2734 1569 2782 generatio
1580 2733 1676 2780 alicu]
1683 2744 1719 2768 us
1734 2733 1825 2768 lacus
1842 2736 2012 2773 subterran
2023 2738 2054 2773 ei

344 2792 443 2830 causa
452 2791 517 2827 esse
525 2789 682 2838 potcst,e
693 2800 763 2835 quo
778 2788 907 2835 aquain
916 2784 1231 2833 terraesupersiciem
1245 2783 1427 2819 derivatur.
1479 2783 1543 2816 His
1557 2781 1856 2817 additAristoteles
1871 2785 2069 2828 rationem.,‘

346 2842 443 2890 quod
453 2850 548 2874 terra:
558 2849 669 2886 partes
680 2835 1173 2883 interi01·es,quemadmodum
1182 2831 1407 2866 animantium
1419 2830 1454 2865 ὅ(
1464 2830 1654 2877 plantarum
1664 2841 1808 2877 corpora
1820 2831 1988 2868 saffram
1997 2836 2054 2871 ha·
2068 2827 2069 2831 ’

346 2890 452 2925 beant
461 2888 659 2924 &sicciores
670 2887 832 2924 evadant,
840 2885 991 2931 ideoque
1001 2881 1185 2918 necessario
1194 2882 1309 2914 lomes
1319 2879 1529 2916 evanescere.
1571 2879 1619 2912 Ita
1629 2878 1663 2912 in
1672 2879 1816 2913 Arcadia
1823 2880 1937 2916 fontes
1948 2881 1983 2918 ἃ
1993 2881 2054 2920 flu.

354 2938 430 2974 vios
438 2935 573 2975 aruisse,
587 2932 781 2982 ‘Theophrqftes
795 2934 944 2969 noc-avit.
995 2935 1092 2977 Aqua
1102 2930 1225 2977 pariter
1238 2927 1353 2966 fluxit,
1370 2928 1427 2962 ubi
1437 2938 1530 2961 nunc
1542 2925 1673 2961 Graecia
1691 2927 1868 2962 habitatur.
2041 2949 2044 2954 ·
2067 2931 2069 2938 “

450 2986 499 3020 Ex
509 2996 579 3032 quo
589 2983 716 3019 &illud
725 2981 884 3029 colliges,
899 2980 1082 3028 quomodo
1094 2979 1176 3025 siepe
1186 2977 1327 3024 repente
1338 2974 1478 3010 flumina
1488 2985 1684 3021 erumpant,
1695 2974 1714 3009 si
1725 2974 1817 3009 enim
1835 2976 1927 3019 sj’lvae
1942 2979 2053 3018 exstir-

353 3042 590 3082 penttii‘,aqua
600 3031 764 3079 sylvarum
781 3030 895 3064 nutrix
910 3028 1025 3063 ablatis
1040 3028 1216 3061 arboribus
1232 3023 1340 3059 otiosa
1352 3047 1362 3063 ,
1377 3024 1412 3057 in
1427 3022 1571 3058 fluvium
1588 3024 1619 3056 se
1634 3022 1791 3058 effundit.
1842 3025 1987 3062 Sicfecit
2000 3027 2069 3064 ali-⁴

354 3083 494 3129 quando
504 3092 668 3127 aquarum
682 3080 783 3127 inops
793 3078 953 3116 Haernus,
968 3076 1023 3111 sed
1040 3087 1120 3110 cum
1129 3073 1310 3108 Gallorum
1326 3072 1437 3120 gensi]
1448 3069 1635 3106 Cassandro
1651 3070 1835 3110 obsessafin
1853 3071 1948 3108 illum
1965 3074 2069 3112 sedes

354 3127 666 3168 suastranstuliss'et‚
676 3140 715 3163 ac
726 3127 827 3174 sylvas
837 3124 1025 3164 cecidisset,
1041 3124 1162 3172 ingens
1176 3132 1342 3169 aquarum
1360 3120 1459 3167 copia
1474 3120 1645 3167 apparuit,
1661 3131 1763 3165 quam
1779 3120 1940 3157 videlicet
1956 3124 1988 3158 in
2001 3125 2069 3160 ali-'

342 3188 514 3218 ,mentum
530 3177 624 3212 suum
635 3176 726 3224 prius
736 3186 877 3212 nemora
886 3174 1077 3211 trahebant.
1121 3197 1130 3209 .
2047 3173 2055 3178 ·
2067 3156 2069 3180 ¹

1937 3218 2056 3256 CON-
2068 3206 2070 3211 ‘
