2087 3610
304 219 402 286 146
959 215 1320 286 Meteorologia

306 305 413 342 crepta
425 295 458 328 in
467 294 631 342 grandem
642 295 732 341 prius
742 293 873 328 molem
884 294 1098 333 concrescat,
1116 295 1230 328 donec
1247 294 1396 328 radicem
1411 293 1542 329 montis
1556 291 1710 339 attingat.
1757 289 2017 329 TaliseDolsti--
2049 316 2051 324 ,

306 345 444 378 ηἰηιᾙιῃ
455 342 630 377 montibus
644 340 732 389 lapsu
743 342 863 375 urbem
879 343 1045 388 integram
1062 341 1364 389 obtrivill'elegitur
1373 344 1463 388 apud
1474 339 1811 384 Olaumlib.19.c.15,
1860 340 1900 374 In
1908 341 2010 375 Cam·
2050 359 2051 369 ι

307 393 428 427 bizena
443 390 524 438 sape
540 391 658 438 [ponte
675 390 705 424 se
722 391 765 423 ira
782 391 839 423 nix
854 390 1059 424 emontibus
1075 389 1347 425 decidualenlim
1363 389 1577 437 agglomerat
1588 410 1598 428 ,
1613 397 1652 423 ut
1667 387 1814 436 integras
1827 387 2012 424 hominum
2050 404 2052 419 ι

308 449 459 476 catervas
475 439 735 476 obruat.Strabo
746 438 800 471 lib.
817 449 853 473 ιι.
2051 472 2053 475 ,

407 488 551 534 Quaeres
573 487 685 521 tertio.
737 485 812 520 Cur
825 486 860 519 in
878 485 1071 533 Norvegia,
1088 484 1123 520 &
1139 485 1211 520 aliis
1227 484 1441 534 Regionibus
1462 482 1781 532 septentrionalibus
1795 505 1806 523 ,
1829 493 1904 530 quae
1925 482 2025 530 peni.
2051 488 2053 510 ἱ

310 536 442 582 semper
457 534 646 569 vestiuntur
661 533 969 580 nivibusdepores,
980 534 1040 568 urli
1056 556 1065 572 ,
1080 534 1172 569 cervi
1189 556 1199 573 ,
1213 533 1249 569 ὃς
1264 533 1384 581 vulpes
1401 533 1484 579 latpe
1498 534 1560 567 lint
1573 532 1638 567 albi
1656 533 1669 566 ἓ
1696 531 1904 579 Respondeo
1919 542 1929 568 z
1951 531 2015 567 Ra·
2053 557 2054 578 3

310 585 445 619 tionem
463 583 544 621 esse,
560 594 632 616 non
648 581 726 628 quia
747 581 929 628 pascuntur
946 583 1097 621 nivibus,
1115 592 1152 616 ut
1166 582 1305 628 quidam
1320 581 1463 620 volunt,
1478 580 1533 615 sed
1542 581 1618 628 quia
1634 602 1644 618 ,
1662 579 2015 628 cumpeneperpetuo
2053 614 2054 619 ,

308 633 449 667 videant
471 633 582 665 nives,
598 641 640 664 ex
654 641 770 664 earum
786 629 1032 677 imaginatione
1045 631 1248 677 concipiunt
1262 630 1359 664 t'aetus
1373 629 1468 664 albos
1482 641 1543 667 ,eo
1565 628 1666 676 patto
1681 651 1692 667 ,
1715 639 1786 675 quo
1808 638 1893 662 oves
1908 627 2025 674 Jacob.

310 692 354 715 ex
371 680 502 727 alpe-&tu
513 679 683 726 virgarum
698 677 943 712 verlicolorum
960 678 1203 725 concipiebant
1217 678 1322 712 fietus
1339 677 1577 717 verlicolores,
1591 676 1716 711 ficut&
1726 687 1878 724 pavones
1893 675 2015 711 dicun-
2054 702 2055 708 ,

311 738 366 764 tur
381 728 445 763 albi
461 726 551 766 fieri,
570 727 590 760 n'
602 725 786 764 locuS,ubi
797 736 905 760 mater
921 727 1077 764 incubat,
1094 726 1171 761 albo
1182 736 1277 761 totus
1293 726 1485 763 inducatur.
2054 754 2055 757 ,

361 805 364 808 .
410 776 553 822 Qaeres
568 783 701 821 quarto,
752 774 850 808 Num
869 774 997 808 nivium
1009 775 1140 809 candor
1157 774 1243 809 obsit
1259 773 1367 808 oculis
1381 772 1395 812 ἳ
1412 773 1620 820 Respondeo
1630 770 1831 807 affirmative
1842 793 1853 810 ,
1874 771 1953 818 quia
1967 770 2017 806 ni-

312 825 377 859 mis
392 823 542 858 intenliis
550 823 681 857 candor
694 821 886 870 perstringit
900 823 1034 857 oculos.
1087 823 1191 857 Unde
1205 845 1214 862 ‚
1230 822 1287 869 qui
1302 822 1334 857 in
1345 821 1467 856 mediis
1483 822 1618 856 nivibus
1633 821 1802 859 habitant,
1816 819 2042 867 plerumque2'

314 872 487 908 debilioris
503 870 588 905 viliis
598 869 664 904 esse
680 869 797 905 solent.
851 870 899 905 Ita
909 870 1182 907 Galenuslibao.
1195 872 1239 904 de
1249 869 1306 904 usu
1318 880 1397 916 part.
1411 881 1470 914 e.3.
1492 868 1614 904 scribit.
1665 868 1915 915 Xenophontis
1930 867 2019 902 mili-

313 931 383 960 tes,
398 920 417 954 ἐ
432 919 776 957 Pei-lideredeuntes,
792 919 876 952 dum
891 931 951 965 per
964 919 1107 954 multam
1125 919 1239 954 nivern
1255 918 1501 957 iterfecerunt,
1518 917 1626 951 oculis
1636 916 1823 964 plurimum
1837 915 1931 952 laesos
1944 914 2022 950 fuis-

313 969 356 1005 se.
408 969 541 1003 Idcirco
559 967 660 1001 etiam
675 967 711 1001 in
721 966 934 1014 Regno‘Ii'bes
950 967 1070 1002 incola·
1087 965 1446 1014 montaniperspicillis
1463 965 1675 1003 cancellatis,
1687 975 1727 999 ac
1741 964 1925 1001 reticulatis
1937 986 1948 1003 ,
1963 962 2021 999 ubi

315 1017 491 1052 continua:
517 1015 611 1049 nives
623 1015 658 1048 in
673 1014 796 1050 oculos
813 1016 942 1051 cadunt
955 1038 966 1056 ,
982 1016 1030 1050 uti
1047 1015 1156 1050 solent
1168 1037 1179 1055 ,
1199 1025 1238 1050 ut
1255 1015 1431 1050 radiorum
1452 1013 1601 1049 nimium
1619 1013 1843 1048 candentium
1856 1014 2021 1047 affluxum
2058 1040 2059 1046 ,

315 1064 476 1100 nonnihil
492 1063 664 1109 castigent.

414 1113 557 1159 Qasr-es
572 1111 706 1157 quinto.
757 1110 832 1146 Cur
846 1111 921 1152 nix,
936 1121 974 1146 ut
989 1112 1205 1147 observatum
1221 1110 1269 1146 est
1282 1111 1316 1145 in
1325 1109 1455 1158 alpibus
1469 1132 1480 1150 ,
1500 1110 1601 1145 etiam
1623 1109 1834 1156 quandoque
1849 1107 2035 1144 rubescat?
2058 1123 2060 1136 r

315 1160 543 1209 Respondeo,
557 1158 629 1194 fieri
649 1159 720 1194 hoc
734 1170 776 1193 ex
791 1171 834 1194 eo
854 1160 981 1206 potest,
998 1162 1095 1208 quod
1107 1165 1213 1195 aereae
1227 1165 1446 1206 partesfiquas
1461 1159 1618 1194 candoris
1634 1159 1735 1193 etiam
1751 1156 2020 1199 caulamxeffedi.

314 1212 446 1255 ximus)
464 1221 544 1243 cum
567 1219 727 1255 tempore
746 1207 886 1243 avolent
899 1230 909 1247 ,
936 1208 971 1243 ὅ(
987 1208 1163 1242 materiam
1183 1207 1268 1242 nivis
1283 1206 1476 1241 deserentes
1490 1230 1500 1246 ,
1519 1218 1595 1241 eam
1613 1207 1794 1241 mixruram
1810 1205 2023 1252 relinquant,

313 1270 390 1305 quae
405 1257 521 1292 rubori
538 1256 611 1303 plus
622 1259 773 1291 accedat.
823 1256 1014 1291 Eustathius
1029 1257 1129 1295 vero,
1140 1257 1223 1290 dum
1238 1256 1358 1294 refert,
1374 1255 1408 1289 in
1417 1255 1581 1290 Armenia
1590 1254 1686 1290 nives
1698 1255 1910 1289 rubicundas
1927 1253 2020 1288 inve-

315 1306 397 1345 niri,
410 1307 530 1344 docet,
548 1306 617 1339 hoc
626 1304 832 1351 contingere
841 1305 921 1338 ideo
930 1327 940 1344 ,
956 1306 1052 1352 quod
1063 1304 1297 1339 exhalationes
1312 1303 1357 1338 ibi
1371 1303 1568 1349 frequentes
1579 1315 1619 1337 ex
1629 1302 1714 1337 locis
1730 1303 1839 1336 minio
1846 1302 2022 1337 abundan-

314 1355 406 1390 tibus
416 1352 609 1389 ascendant.
660 1353 813 1387 Eandem
829 1353 961 1387 caulam
977 1352 1074 1388 affert
1083 1352 1279 1388 Alexander
1294 1352 1334 1385 ab
1343 1351 1541 1386 Alexandro
1551 1350 1789 1396 lib.4.Genial.
1799 1351 1881 1388 dier.
1894 1362 1925 1385 c.
1933 1361 1964 1394 9.
1979 1350 2023 1386 de

270 1404 274 1407 “
315 1402 518 1438 rubicundis
534 1401 668 1436 nivibus
680 1401 712 1434 in
722 1401 868 1447 Scythiae
879 1402 1067 1436 montibus.
1118 1400 1292 1435 Coeruleae
1301 1400 1402 1434 etiam
1413 1400 1507 1434 nives
1515 1400 1623 1434 videri
1633 1396 1733 1445 juxta
1747 1401 1872 1433 fretum
1883 1397 2022 1445 Magali-

318 1463 424 1487 anum
434 1448 579 1485 affirmat
589 1449 770 1484 Cardanus
787 1449 843 1486 lib.
854 1461 877 1486 Ι.
890 1450 934 1483 de
942 1451 1058 1484 variet.
1071 1461 1100 1488 c.
1109 1461 1143 1495 4.
1154 1447 1298 1496 fierique
1312 1449 1383 1482 hoc
1399 1459 1472 1482 non
1485 1448 1618 1483 tantum
1629 1450 1673 1482 ob
1682 1446 1883 1482 vetustatem
1902 1447 2023 1494 ipsam,

317 1500 374 1535 sed
391 1500 487 1545 quod
497 1499 537 1532 ad
548 1498 692 1546 glaciem
704 1507 810 1533 atram
828 1499 987 1538 accedat,
1005 1496 1272 1546 &prolpefiluse
1284 1496 1479 1544 longinquo
1497 1496 1550 1537 lit,
1568 1495 1866 1543 quemadmodum
1876 1494 1954 1530 &in
1969 1499 2024 1530 ae-

315 1559 354 1584 re
362 1547 555 1583 coeruleum
571 1545 739 1585 ostendat,

415 1596 558 1643 Qaeres
569 1593 673 1628 sexte.
724 1594 814 1633 Cur,
823 1594 905 1629 dum
916 1593 1043 1641 ningit,
1059 1594 1160 1628 sonus
1168 1604 1296 1628 vocum
1307 1592 1342 1628 ὅ(
1357 1604 1599 1639 campanarum
1610 1590 1781 1627 difficilius
1795 1589 2025 1638 percipiatur?
2058 1602 2060 1606 ·

318 1642 529 1691 Respondeo
539 1665 549 1682 ,
564 1642 737 1677 rationem
751 1640 833 1681 effe,
847 1642 924 1690 quia
940 1642 995 1676 nix
1005 1643 1089 1677 aeris
1101 1642 1284 1690 agilitatem
1300 1641 1425 1681 aufert,
1440 1640 1518 1676 &in
1534 1639 1702 1675 flocculos
1712 1640 1796 1675 nivis
1807 1643 1908 1675 lonus
1923 1640 2026 1674 toties
2060 1667 2066 1685 s

317 1691 494 1742 impingit,
511 1691 696 1726 uttandem
707 1687 899 1737 diffipetur,
915 1701 980 1725 nec
998 1689 1719 1738 pereorumintervallaintegerpetmanare
1728 1685 1839 1736 poffit.
2029 1686 2032 1692 '
2065 1687 2066 1693 ’

415 1741 559 1787 Qaeres
575 1737 731 1785 septimo.
780 1740 838 1773 An
852 1738 1008 1772 animalia
1024 1739 1057 1772 in
1072 1738 1151 1773 nive
1169 1738 1278 1777 nasci,
1294 1736 1330 1772 &
1346 1738 1462 1774 vivere
1479 1734 1626 1784 poflint?
1645 1736 1852 1784 Respondeo
1869 1759 1879 1776 ,
1896 1735 1977 1771 licet
1991 1735 2027 1771 in
2059 1731 2065 1758 ,⁴

315 1787 428 1838 glacie
443 1786 576 1823 nullum
591 1787 688 1826 oriri,
703 1785 985 1833 autvivereposle
1000 1777 1306 1824 videaturani‘mal,
1321 1787 1418 1832 quod
1434 1796 1472 1819 ea
1481 1784 1678 1833 congelata,
1693 1781 2032 1832 adeoquefrigidiffi-,
2059 1783 2066 1826 f'

319 1849 394 1876 rna,
412 1834 721 1871 omnidestituatur
735 1833 849 1869 calore
859 1856 868 1873 ,
886 1846 956 1881 quo
967 1844 1082 1869 tamen
1100 1845 1188 1881 opus
1197 1835 1326 1869 habent
1334 1833 1510 1872 animalia,
1526 1843 1563 1867 ut
1573 1833 1696 1868 oriri&
1706 1833 1820 1868 vivere
1829 1842 1974 1879 queant,
1990 1831 2028 1868 fi-

319 1894 380 1922 cut
389 1885 495 1920 docet
506 1882 704 1919 Aristoteles
720 1895 731 1928 3
754 1883 812 1917 nix
826 1892 942 1917 tamen
955 1905 964 1922 ,
988 1883 1065 1929 quia
1080 1883 1226 1917 mixtum
1249 1880 1438 1929 quid,licet
1451 1880 1691 1928 imperfe&um
1707 1881 1742 1916 ἃ
1756 1881 1960 1921 humidum,
1974 1889 2027 1916 ut·

319 1943 405 1982 pote
414 1931 647 1979 exvaporibus
664 1940 869 1967 concretum
884 1933 1061 1977 quoddam
1079 1930 1145 1976 est3
1163 1930 1296 1965 nullum
1307 1939 1422 1966 autern
1431 1931 1616 1965 humidum
1630 1929 1698 1964 line
1707 1929 1820 1964 calore
1829 1928 2026 1976 effepotest,
2062 1938 2063 1941 ’

321 1993 361 2018 ut
376 1982 467 2016 idem
476 1978 706 2027 Philosophus
715 1980 821 2014 docet
830 1978 909 2022 lib.5
932 1980 976 2014 de
984 1988 1135 2027 generat.
1145 1978 1281 2014 animal.
1297 1977 1427 2014 idcirco
1445 1978 1546 2013 etiam
1554 1978 1710 2012 animalia
1726 1978 1882 2024 quaedam
1899 1978 1933 2012 in
1948 1977 2027 2012 nive
2061 2018 2063 2022 ¹

321 2031 403 2065 oriri
419 2029 454 2065 ὃς
469 2030 586 2063 vivere
600 2026 696 2075 posse
710 2027 826 2076 negari
840 2039 913 2061 non
922 2028 1035 2064 debet,
1086 2028 1191 2062 Unde
1200 2026 1425 2062 Helmontius
1441 2026 1559 2065 tradit,
1578 2026 1613 2060 in
1628 2026 1763 2061 nivibus
1779 2036 1914 2060 vermes
1929 2025 2028 2060 nasci.
2060 2030 2062 2034 ’

320 2077 545 2114 Vei-iliiniiius
555 2086 671 2111 tamen
686 2075 749 2115 est,
765 2075 920 2110 animalia
929 2087 1008 2110 curn
1018 2076 1152 2111 nivibus
1160 2076 1307 2111 decidua
1315 2075 1368 2110 vel
1378 2073 1434 2109 sub
1443 2073 1607 2109 foliorum
1621 2074 1655 2108 in
1665 2074 1841 2109 arboribus
1851 2073 2037 2122 congerie,
2060 2099 2062 2103 ,

321 2127 375 2164 vel
385 2125 460 2161 alibi
473 2124 649 2159 latibulum
658 2123 797 2171 aliquod
808 2124 933 2170 hyeme
941 2124 1238 2171 appropinquante
1247 2121 1427 2171 quaelivisse
1434 2132 1537 2170 atque
1545 2134 1624 2158 cum
1634 2134 1762 2170 magno
1771 2131 1956 2157 ventorum
1966 2121 2029 2156 im·
2060 2157 2062 2160 ,

323 2185 405 2223 petu
420 2174 447 2208 al
464 2175 497 2207 io
514 2172 655 2219 dispersa
671 2195 682 2212 ,
704 2173 862 2218 nivisque
873 2170 1029 2207 flocculis
1047 2172 1207 2207 conclusa
1221 2173 1339 2207 denuo
1357 2168 1489 2218 dejecta
1506 2169 1582 2208 effe.
1631 2169 2028 2218 Qaeinsefi‘tamumde-
2067 2213 2069 2216 Α

322 2224 406 2259 inde
415 2221 556 2257 vivificis
566 2220 652 2255 Solis
667 2221 766 2255 radiis
780 2220 965 2259 feriuntur,
982 2230 1040 2255 aut
1054 2220 1120 2255 alio
1134 2219 1294 2267 proficuo
1310 2219 1425 2254 calore
1436 2218 1617 2259 foventur,
1634 2219 1731 2254 facile
1744 2218 2029 2266 iniistorpidispi-

325 2272 409 2308 ritus
424 2271 637 2308 animantur,
654 2268 689 2304 ὅ(
704 2268 746 2304 lic
762 2268 826 2316 ipla
838 2266 1038 2314 hujusmodi
1048 2267 1170 2304 inse&
1184 2268 1273 2316 quali
1283 2268 1432 2303 invitam
1443 2277 1662 2305 revocantur.

425 2319 568 2365 Quaeres
583 2316 717 2351 ultimo.
768 2318 896 2352 Utrum
914 2317 972 2351 nix
989 2315 1362 2364 aliquandoiapidescat
1376 2316 1411 2350 in
1427 2315 1616 2362 crystallum
1630 2316 1643 2350 ἓ
1657 2313 1805 2350 affirmat
1816 2315 1887 2352 hoc
1901 2314 2030 2350 Plinius

320 2368 435 2412 lib.37.
445 2377 512 2400 nat.
522 2364 647 2402 Hisbo.
657 2377 687 2402 2.
738 2365 823 2400 Ideo
833 2375 983 2399 neceam
995 2365 1134 2412 reperiri
1143 2365 1298 2404 testatur,
1314 2364 1372 2398 nifi
1381 2364 1440 2398 ubi
1455 2365 1602 2399 maxime
1617 2364 1778 2410 hybernae
1794 2364 1890 2400 nives
1905 2363 2029 2411 rigent,
2068 2391 2071 2406 ‚

318 2426 365 2453 ut
380 2416 414 2451 in
432 2414 588 2450 cautibus
598 2413 751 2461 Alpium.
803 2412 1016 2461 [Indeipsam
1027 2412 1355 2461 plerumquealocis
1367 2412 1464 2447 inviis
1473 2412 1757 2459 funependentes
1767 2412 1960 2449 extrahunt.
1968 2412 2032 2447 Ita»
2068 2414 2071 2419 '

325 2485 393 2522 que
407 2472 468 2511 ait,
478 2469 667 2520 crystallum
677 2470 742 2506 esse
756 2470 901 2519 glaciem
911 2471 1004 2505 unde
1012 2470 1048 2506 &
1056 2481 1188 2505 nomen
1197 2469 1308 2506 Graeci
1319 2469 1458 2505 dedere.
1508 2470 1641 2505 Dicitur
1650 2469 1743 2504 enim
1752 2458 1905 2516 κρημνὸς
1913 2491 1923 2509 ‚
1932 2469 1966 2504 id
1975 2467 2032 2509 est,

317 2532 462 2582 glacies,
473 2516 671 2568 διο-έλλω,
681 2529 715 2564 id
725 2528 788 2569 est,
805 2528 996 2574 contraho;
1013 2529 1109 2575 quod
1118 2540 1160 2563 ex
1174 2527 1283 2576 glacie
1299 2526 1434 2575 frigoris
1447 2526 1668 2561 vehementia
1683 2525 1886 2562 obdurescat
1899 2527 1935 2561 in
1950 2526 2031 2575 lapi-
2070 2534 2071 2539 ¹

317 2583 410 2616 dem.
458 2578 564 2627 Gigni
578 2585 663 2610 vero
679 2577 724 2612 ita
732 2576 938 2625 Crysta'llum
952 2576 1136 2612 confirmat
1150 2576 1293 2624 praesens
1313 2574 1540 2622 experientia3
1554 2574 1634 2609 cum
1643 2575 1714 2610 hoc
1723 2575 1826 2612 etiam
1836 2572 2030 2622 tempore}

316 2627 462 2675 praealtis
478 2627 513 2662 &
529 2622 746 2671 frigidissimis
759 2626 917 2673 rupibus,
933 2634 972 2660 ut
987 2626 1006 2660 e
1023 2624 1238 2663 Perfiniani-s,
1255 2634 1330 2671 quae
1345 2623 1380 2658 in
1397 2624 1557 2658 extremis
1573 2623 1711 2658 Noricis
1735 2622 1811 2659 sunt
1822 2646 1832 2664 ,
1860 2623 2031 2659 evellatur.
2070 2619 2072 2622 ’

317 2678 453 2712 Verum
471 2674 508 2710 &
522 2675 607 2725 intra
616 2683 741 2758 terrast?
749 2674 784 2709 in
792 2675 888 2712 venis
896 2683 967 2714 tam
977 2673 1174 2715 metallicis,
1184 2673 1286 2722 quam
1294 2671 1459 2721 propriis,
1469 2681 1508 2707 ut
1517 2670 1600 2706 alios
1613 2670 1781 2720 pretiosos
1799 2671 1945 2720 lapideS,
1959 2682 2029 2719 cry·

317 2725 455 2762 stallum
464 2721 699 2761 inveniricon
727 2731 770 2759 at.

831 2827 1519 2884 APPENDIX.

393 2957 508 2993 Rimo.
558 2956 658 2993 Nivis
666 2954 1037 3003 artificialisprodue’tio
1048 2954 1068 2990 s
1062 2954 1318 3003 equentimodo
1327 2976 1337 2994 ,
1350 2963 1390 2988 ut
1398 2953 1499 2988 tradit
1507 2949 1739 2987 Kircherusin
1750 2950 1989 2996 arteluc.lib.3.
1998 2960 2031 2986 σε

318 2967 385 3068 P
395 3019 424 3041 2.
438 3004 564 3041 confici
582 3004 693 3053 potest
707 3019 715 3039 :
731 3004 788 3039 fiat
802 3004 822 3039 e
839 3003 972 3038 laminis
989 3005 1106 3039 ferreis
1113 3004 1268 3044 Tholus,
1285 3002 1351 3037 five
1366 3001 1648 3048 haemilphaerium
1662 3021 1673 3039 ,
1688 2999 1868 3048 duplicatis
1882 2999 1926 3034 ita
1939 2997 2032 3033 lami-⁴

390 3055 449 3088 «nis
460 3076 469 3093 ,
482 3064 521 3089 ut
529 3054 617 3089 inter
625 3054 808 3100 utramque
823 3053 882 3087 nix
889 3052 1014 3100 glacies
1025 3054 1116 3087 nitro
1124 3075 1134 3092 ,
1145 3052 1200 3089 vel
1208 3050 1347 3087 vitriolo
1355 3051 1461 3085 mixta
1468 3048 1552 3096 poni
1562 3045 1664 3096 po'ffit
1672 3059 1684 3093 3
1693 3057 1854 3094 aptentur
1862 3047 1946 3083 infra
1952 3047 2032 3082 vtho-

320 3098 394 3136 lum
403 3101 518 3141 folles,
535 3102 684 3149 quiflatu
704 3101 874 3136 continuo
885 3106 999 3136 a'e'rem
1015 3101 1056 3135 ad
1072 3100 1209 3136 tholum
1227 3100 1452 3147 refrigerent3
1467 3098 1512 3132 ita
1528 3096 1608 3132 fiet:
1623 3095 1759 3133 utlisub
1775 3095 1874 3131 tholo
1888 3096 1926 3131 in
1942 3093 2034 3131 cubi·
2052 3119 2060 3123 -
2074 3109 2075 3123 ³

320 3149 403 3184 culo
423 3160 481 3183 vas
503 3161 596 3196 aquae
611 3152 763 3189 ferveat,
776 3149 800 3184 -e
814 3160 881 3196 qua
901 3160 1046 3197 vapores
1069 3150 1112 3184 ad
1131 3149 1268 3184 tholum
1293 3146 1537 3185 sublimentur,
1556 3145 1593 3180 hi
1614 3144 1634 3179 a
1651 3144 1789 3181 nivibus
1814 3143 1981 3192 frigefaffi
1995 3142 2034 3177 in

317 3195 529 3236 tenuiffim'as
552 3199 704 3248 guttulas
728 3197 941 3236 resolventur
964 3220 975 3241 ,
1001 3198 1081 3246 quia
1105 3209 1190 3236 vero
1214 3198 1234 3233 a
1259 3197 1366 3235 vento
1382 3218 1393 3239 ,
1417 3194 1554 3233 follium
1570 3202 1639 3242 ope
1654 3194 1804 3231 excitato
1827 3215 1838 3235 ,
1862 3193 2033 3241 impetun-

1977 3248 2033 3275 tur
