<?xml version="1.0" encoding="UTF-8"?>
<!DOCTYPE html PUBLIC "-//W3C//DTD XHTML 1.0 Transitional//EN"
    "http://www.w3.org/TR/xhtml1/DTD/xhtml1-transitional.dtd">
<html xmlns="http://www.w3.org/1999/xhtml" xml:lang="en" lang="en">
 <head>
  <title>
</title>
<meta http-equiv="Content-Type" content="text/html;charset=utf-8" />
  <meta name='ocr-system' content='tesseract 3.04.00' />
  <meta name='ocr-capabilities' content='ocr_page ocr_carea ocr_par ocr_line ocrx_word'/>
</head>
<body>
  <div class='ocr_page' id='page_1' title='image "./meteorologiaphil00reinz/meteorologiaphil00reinz_0223.png"; bbox 0 0 2087 3610; ppageno 0'>
   <div class='ocr_carea' id='block_1_1' title="bbox 541 177 1753 271">
    <p class='ocr_par' dir='ltr' id='par_1_1' title="bbox 541 177 1753 271">
     <span class='ocr_line' id='line_1_1' title="bbox 541 177 1753 271; baseline -0.007 -18"><span class='ocrx_word' id='word_1_1' title='bbox 541 177 545 180; x_wconf 19' lang='lat'><em>*</em></span> <span class='ocrx_word' id='word_1_2' title='bbox 599 198 1162 271; x_wconf 78' lang='lat' dir='ltr'>Philosophico-Politica.</span> <span class='ocrx_word' id='word_1_3' title='bbox 1668 217 1753 265; x_wconf 77' lang='lat'>213:</span> 
     </span>
    </p>
   </div>
   <div class='ocr_carea' id='block_1_2' title="bbox 0 274 1751 470">
    <p class='ocr_par' dir='ltr' id='par_1_2' title="bbox 0 274 1751 470">
     <span class='ocr_line' id='line_1_2' title="bbox 46 274 1750 328; baseline -0.004 -12"><span class='ocrx_word' id='word_1_4' title='bbox 46 277 307 328; x_wconf 77' lang='lat' dir='ltr'>itaAgrifolium</span> <span class='ocrx_word' id='word_1_5' title='bbox 324 275 398 313; x_wconf 86' lang='lat' dir='ltr'>inla</span> <span class='ocrx_word' id='word_1_6' title='bbox 423 276 519 312; x_wconf 88' lang='lat' dir='ltr'>idem</span> <span class='ocrx_word' id='word_1_7' title='bbox 533 274 736 313; x_wconf 86' lang='lat' dir='ltr'>subviridem</span> <span class='ocrx_word' id='word_1_8' title='bbox 752 286 864 313; x_wconf 90' lang='lat' dir='ltr'>mutat</span> <span class='ocrx_word' id='word_1_9' title='bbox 875 299 885 316; x_wconf 84' lang='lat'>,</span> <span class='ocrx_word' id='word_1_10' title='bbox 909 286 947 312; x_wconf 91' lang='lat' dir='ltr'>ut</span> <span class='ocrx_word' id='word_1_11' title='bbox 961 278 1164 325; x_wconf 85' lang='lat' dir='ltr'>plerumque</span> <span class='ocrx_word' id='word_1_12' title='bbox 1179 286 1220 312; x_wconf 81' lang='lat' dir='ltr'>ex</span> <span class='ocrx_word' id='word_1_13' title='bbox 1234 287 1277 312; x_wconf 89' lang='lat' dir='ltr'>eo</span> <span class='ocrx_word' id='word_1_14' title='bbox 1298 275 1425 312; x_wconf 84' lang='lat' dir='ltr'>formas</span> <span class='ocrx_word' id='word_1_15' title='bbox 1447 274 1596 313; x_wconf 80' lang='lat' dir='ltr'>efficiant</span> <span class='ocrx_word' id='word_1_16' title='bbox 1612 279 1654 315; x_wconf 85' lang='lat' dir='ltr'>ad</span> <span class='ocrx_word' id='word_1_17' title='bbox 1673 280 1750 315; x_wconf 80' lang='lat' dir='ltr'>sun.</span> 
     </span>
     <span class='ocr_line' id='line_1_3' title="bbox 47 323 1751 375; baseline 0.001 -13"><span class='ocrx_word' id='word_1_18' title='bbox 47 328 178 362; x_wconf 84' lang='lat' dir='ltr'>dendas</span> <span class='ocrx_word' id='word_1_19' title='bbox 193 326 368 375; x_wconf 90' lang='lat' dir='ltr'>plumbeas</span> <span class='ocrx_word' id='word_1_20' title='bbox 383 338 405 373; x_wconf 90' lang='lat' dir='ltr'>g</span> <span class='ocrx_word' id='word_1_21' title='bbox 419 325 525 360; x_wconf 89' lang='lat' dir='ltr'>andes</span> <span class='ocrx_word' id='word_1_22' title='bbox 539 323 695 373; x_wconf 87' lang='lat' dir='ltr'>sclopetis</span> <span class='ocrx_word' id='word_1_23' title='bbox 715 325 934 361; x_wconf 83' lang='lat' dir='ltr'>inservientes</span> <span class='ocrx_word' id='word_1_24' title='bbox 950 339 959 360; x_wconf 69' lang='grc' dir='ltr'>ι</span> <span class='ocrx_word' id='word_1_25' title='bbox 975 326 1058 361; x_wconf 63' lang='lat' dir='ltr'>labri</span> <span class='ocrx_word' id='word_1_26' title='bbox 1074 327 1177 361; x_wconf 86' lang='lat' dir='ltr'>etiam</span> <span class='ocrx_word' id='word_1_27' title='bbox 1193 324 1256 364; x_wconf 84' lang='lat' dir='ltr'>illi,</span> <span class='ocrx_word' id='word_1_28' title='bbox 1279 325 1337 372; x_wconf 89' lang='lat' dir='ltr'>qui</span> <span class='ocrx_word' id='word_1_29' title='bbox 1355 326 1389 359; x_wconf 90' lang='lat' dir='ltr'>in</span> <span class='ocrx_word' id='word_1_30' title='bbox 1406 336 1471 360; x_wconf 79' lang='lat' dir='ltr'>aere</span> <span class='ocrx_word' id='word_1_31' title='bbox 1487 337 1691 372; x_wconf 71' lang='lat' dir='ltr'>operantur,</span> <span class='ocrx_word' id='word_1_32' title='bbox 1708 338 1751 364; x_wconf 83' lang='lat' dir='ltr'>ex</span> 
     </span>
     <span class='ocr_line' id='line_1_4' title="bbox 0 371 1751 420; baseline 0.001 -10"><span class='ocrx_word' id='word_1_33' title='bbox 0 406 1 413; x_wconf 71' lang='grc'>,</span> <span class='ocrx_word' id='word_1_34' title='bbox 47 377 175 410; x_wconf 88' lang='lat' dir='ltr'>eodem</span> <span class='ocrx_word' id='word_1_35' title='bbox 191 372 378 410; x_wconf 82' lang='lat' dir='ltr'>conficiant</span> <span class='ocrx_word' id='word_1_36' title='bbox 394 372 466 408; x_wconf 92' lang='lat' dir='ltr'>suas</span> <span class='ocrx_word' id='word_1_37' title='bbox 484 372 681 413; x_wconf 80' lang='lat' dir='ltr'>formas,&amp;</span> <span class='ocrx_word' id='word_1_38' title='bbox 698 373 818 408; x_wconf 83' lang='lat' dir='ltr'>ollulas</span> <span class='ocrx_word' id='word_1_39' title='bbox 834 371 974 408; x_wconf 86' lang='lat' dir='ltr'>fusorias</span> <span class='ocrx_word' id='word_1_40' title='bbox 988 396 999 413; x_wconf 93' lang='lat'>,</span> <span class='ocrx_word' id='word_1_41' title='bbox 1022 374 1056 409; x_wconf 76' lang='grc' dir='ltr'>ὅ(</span> <span class='ocrx_word' id='word_1_42' title='bbox 1079 373 1239 408; x_wconf 84' lang='lat' dir='ltr'>mulieres</span> <span class='ocrx_word' id='word_1_43' title='bbox 1259 384 1402 420; x_wconf 89' lang='lat' dir='ltr'>quoque</span> <span class='ocrx_word' id='word_1_44' title='bbox 1426 375 1576 409; x_wconf 85' lang='lat' dir='ltr'>rotunda</span> <span class='ocrx_word' id='word_1_45' title='bbox 1600 375 1654 410; x_wconf 84' lang='lat' dir='ltr'>sua</span> <span class='ocrx_word' id='word_1_46' title='bbox 1676 387 1751 411; x_wconf 92' lang='lat' dir='ltr'>ver-</span> 
     </span>
     <span class='ocr_line' id='line_1_5' title="bbox 45 420 1352 470; baseline 0 -11"><span class='ocrx_word' id='word_1_47' title='bbox 45 422 165 463; x_wconf 83' lang='lat' dir='ltr'>ticilla,</span> <span class='ocrx_word' id='word_1_48' title='bbox 180 422 304 470; x_wconf 92' lang='lat' dir='ltr'>quibus</span> <span class='ocrx_word' id='word_1_49' title='bbox 319 420 410 456; x_wconf 87' lang='lat' dir='ltr'>fusos</span> <span class='ocrx_word' id='word_1_50' title='bbox 425 420 587 469; x_wconf 87' lang='lat' dir='ltr'>cingunt,</span> <span class='ocrx_word' id='word_1_51' title='bbox 603 431 642 456; x_wconf 94' lang='lat' dir='ltr'>ut</span> <span class='ocrx_word' id='word_1_52' title='bbox 658 422 701 457; x_wconf 80' lang='lat' dir='ltr'>eo</span> <span class='ocrx_word' id='word_1_53' title='bbox 720 420 943 457; x_wconf 86' lang='lat' dir='ltr'>commodius</span> <span class='ocrx_word' id='word_1_54' title='bbox 958 420 1012 456; x_wconf 81' lang='lat' dir='ltr'>fila</span> <span class='ocrx_word' id='word_1_55' title='bbox 1025 420 1352 469; x_wconf 73' lang='lat' dir='ltr'>deducantapenlo.</span> 
     </span>
    </p>
   </div>
   <div class='ocr_carea' id='block_1_3' title="bbox 45 514 1756 806">
    <p class='ocr_par' dir='ltr' id='par_1_3' title="bbox 45 514 1756 806">
     <span class='ocr_line' id='line_1_6' title="bbox 141 514 1751 566; baseline 0.001 -14"><span class='ocrx_word' id='word_1_56' title='bbox 141 517 298 566; x_wconf 82' lang='lat' dir='ltr'>Qaeres.</span> <span class='ocrx_word' id='word_1_57' title='bbox 347 516 435 564; x_wconf 87' lang='lat' dir='ltr'>Qae</span> <span class='ocrx_word' id='word_1_58' title='bbox 451 515 488 552; x_wconf 81' lang='lat' dir='ltr'>fit</span> <span class='ocrx_word' id='word_1_59' title='bbox 502 516 886 553; x_wconf 85' lang='lat' dir='ltr'>causacondensationis</span> <span class='ocrx_word' id='word_1_60' title='bbox 902 515 1054 564; x_wconf 84' lang='lat' dir='ltr'>lapideae.</span> <span class='ocrx_word' id='word_1_61' title='bbox 1106 515 1329 564; x_wconf 84' lang='lat' dir='ltr'>Respondeo,</span> <span class='ocrx_word' id='word_1_62' title='bbox 1341 514 1650 552; x_wconf 81' lang='lat' dir='ltr'>condensationem</span> <span class='ocrx_word' id='word_1_63' title='bbox 1660 518 1751 554; x_wconf 87' lang='lat' dir='ltr'>hane</span> 
     </span>
     <span class='ocr_line' id='line_1_7' title="bbox 47 562 1751 613; baseline -0.001 -11"><span class='ocrx_word' id='word_1_64' title='bbox 47 562 121 602; x_wconf 77' lang='lat' dir='ltr'>fieri</span> <span class='ocrx_word' id='word_1_65' title='bbox 135 567 182 608; x_wconf 77' lang='lat' dir='ltr'>qb</span> <span class='ocrx_word' id='word_1_66' title='bbox 191 565 374 600; x_wconf 86' lang='lat' dir='ltr'>mixturam</span> <span class='ocrx_word' id='word_1_67' title='bbox 390 563 586 600; x_wconf 88' lang='lat' dir='ltr'>oleosorum</span> <span class='ocrx_word' id='word_1_68' title='bbox 600 576 681 600; x_wconf 88' lang='lat' dir='ltr'>cum</span> <span class='ocrx_word' id='word_1_69' title='bbox 699 564 811 613; x_wconf 91' lang='lat' dir='ltr'>spiritu</span> <span class='ocrx_word' id='word_1_70' title='bbox 826 564 912 604; x_wconf 91' lang='lat' dir='ltr'>salis,</span> <span class='ocrx_word' id='word_1_71' title='bbox 928 563 1026 611; x_wconf 88' lang='lat' dir='ltr'>cujus</span> <span class='ocrx_word' id='word_1_72' title='bbox 1042 574 1178 604; x_wconf 88' lang='lat' dir='ltr'>natura,</span> <span class='ocrx_word' id='word_1_73' title='bbox 1191 565 1240 600; x_wconf 92' lang='lat' dir='ltr'>uti</span> <span class='ocrx_word' id='word_1_74' title='bbox 1257 564 1292 600; x_wconf 74' lang='grc' dir='ltr'>ὅ(</span> <span class='ocrx_word' id='word_1_75' title='bbox 1309 565 1442 613; x_wconf 69' lang='lat' dir='ltr'>frigoris</span> <span class='ocrx_word' id='word_1_76' title='bbox 1458 564 1530 604; x_wconf 90' lang='lat' dir='ltr'>est,</span> <span class='ocrx_word' id='word_1_77' title='bbox 1543 566 1645 600; x_wconf 90' lang='lat' dir='ltr'>obvia</span> <span class='ocrx_word' id='word_1_78' title='bbox 1660 577 1751 613; x_wconf 78' lang='lat' dir='ltr'>quae-</span> 
     </span>
     <span class='ocr_line' id='line_1_8' title="bbox 48 611 1751 669; baseline -0.001 -19"><span class='ocrx_word' id='word_1_79' title='bbox 48 612 345 669; x_wconf 71' lang='lat' dir='ltr'>quecondenlare.</span> <span class='ocrx_word' id='word_1_80' title='bbox 395 613 501 648; x_wconf 83' lang='lat' dir='ltr'>Unde</span> <span class='ocrx_word' id='word_1_81' title='bbox 516 612 552 648; x_wconf 77' lang='grc' dir='ltr'>ὅ(</span> <span class='ocrx_word' id='word_1_82' title='bbox 567 612 603 647; x_wconf 88' lang='lat' dir='ltr'>in</span> <span class='ocrx_word' id='word_1_83' title='bbox 615 613 844 649; x_wconf 85' lang='lat' dir='ltr'>animantibus</span> <span class='ocrx_word' id='word_1_84' title='bbox 856 624 898 648; x_wconf 85' lang='lat' dir='ltr'>ex</span> <span class='ocrx_word' id='word_1_85' title='bbox 906 612 1306 660; x_wconf 71' lang='lat' dir='ltr'>salenastunturlapides.</span> <span class='ocrx_word' id='word_1_86' title='bbox 1357 611 1553 648; x_wconf 84' lang='lat' dir='ltr'>Confirmat</span> <span class='ocrx_word' id='word_1_87' title='bbox 1567 613 1641 648; x_wconf 85' lang='lat' dir='ltr'>haec</span> <span class='ocrx_word' id='word_1_88' title='bbox 1649 625 1751 660; x_wconf 89' lang='lat' dir='ltr'>expe-</span> 
     </span>
     <span class='ocr_line' id='line_1_9' title="bbox 48 660 1751 709; baseline -0.001 -11"><span class='ocrx_word' id='word_1_89' title='bbox 48 660 357 709; x_wconf 70' lang='lat' dir='ltr'>nmentojoannes</span> <span class='ocrx_word' id='word_1_90' title='bbox 365 660 470 696; x_wconf 88' lang='lat' dir='ltr'>Faber</span> <span class='ocrx_word' id='word_1_91' title='bbox 478 661 513 695; x_wconf 91' lang='lat' dir='ltr'>in</span> <span class='ocrx_word' id='word_1_92' title='bbox 522 660 696 708; x_wconf 85' lang='lat' dir='ltr'>Hydrogr.</span> <span class='ocrx_word' id='word_1_93' title='bbox 706 661 764 696; x_wconf 88' lang='lat' dir='ltr'>ubi</span> <span class='ocrx_word' id='word_1_94' title='bbox 774 661 900 696; x_wconf 76' lang='lat' dir='ltr'>scribit:</span> <span class='ocrx_word' id='word_1_95' title='bbox 915 660 935 695; x_wconf 83' lang='lat' dir='ltr'>li</span> <span class='ocrx_word' id='word_1_96' title='bbox 951 661 1032 695; x_wconf 88' lang='lat' dir='ltr'>oleo</span> <span class='ocrx_word' id='word_1_97' title='bbox 1043 672 1102 708; x_wconf 86' lang='lat' dir='ltr'>per</span> <span class='ocrx_word' id='word_1_98' title='bbox 1111 660 1363 696; x_wconf 86' lang='lat' dir='ltr'>distillationem</span> <span class='ocrx_word' id='word_1_99' title='bbox 1381 660 1421 696; x_wconf 76' lang='lat' dir='ltr'>(al</span> <span class='ocrx_word' id='word_1_100' title='bbox 1437 661 1551 696; x_wconf 90' lang='lat' dir='ltr'>omnis</span> <span class='ocrx_word' id='word_1_101' title='bbox 1563 662 1751 702; x_wconf 77' lang='lat' dir='ltr'><strong>eximatur,</strong></span> 
     </span>
     <span class='ocr_line' id='line_1_10' title="bbox 47 707 1756 758; baseline 0 -12"><span class='ocrx_word' id='word_1_102' title='bbox 47 709 131 746; x_wconf 80' lang='lat' dir='ltr'>illud</span> <span class='ocrx_word' id='word_1_103' title='bbox 147 720 213 744; x_wconf 90' lang='lat' dir='ltr'>nec</span> <span class='ocrx_word' id='word_1_104' title='bbox 226 707 511 745; x_wconf 85' lang='lat' dir='ltr'>condensandum</span> <span class='ocrx_word' id='word_1_105' title='bbox 523 707 686 756; x_wconf 89' lang='lat' dir='ltr'>amplius,</span> <span class='ocrx_word' id='word_1_106' title='bbox 703 721 770 745; x_wconf 87' lang='lat' dir='ltr'>nec</span> <span class='ocrx_word' id='word_1_107' title='bbox 786 708 1071 758; x_wconf 87' lang='lat' dir='ltr'>conglaciandam</span> <span class='ocrx_word' id='word_1_108' title='bbox 1087 721 1098 754; x_wconf 84' lang='lat'>3</span> <span class='ocrx_word' id='word_1_109' title='bbox 1119 709 1222 756; x_wconf 79' lang='lat' dir='ltr'>quam</span> <span class='ocrx_word' id='word_1_110' title='bbox 1235 709 1407 745; x_wconf 82' lang='lat' dir='ltr'>rationem</span> <span class='ocrx_word' id='word_1_111' title='bbox 1430 709 1533 744; x_wconf 85' lang='lat' dir='ltr'>etiam</span> <span class='ocrx_word' id='word_1_112' title='bbox 1550 709 1649 745; x_wconf 86' lang='lat' dir='ltr'>affert</span> <span class='ocrx_word' id='word_1_113' title='bbox 1660 732 1671 750; x_wconf 93' lang='lat'>,</span> <span class='ocrx_word' id='word_1_114' title='bbox 1689 721 1756 746; x_wconf 24' lang='lat' dir='ltr'>cur*</span> 
     </span>
     <span class='ocr_line' id='line_1_11' title="bbox 45 754 1137 806; baseline -0.005 -13"><span class='ocrx_word' id='word_1_115' title='bbox 45 754 262 795; x_wconf 78' lang='lat' dir='ltr'>sublimatum</span> <span class='ocrx_word' id='word_1_116' title='bbox 282 756 457 806; x_wconf 88' lang='lat' dir='ltr'>congelari</span> <span class='ocrx_word' id='word_1_117' title='bbox 470 765 631 804; x_wconf 79' lang='lat' dir='ltr'>nequeat.</span> <span class='ocrx_word' id='word_1_118' title='bbox 1134 786 1137 787; x_wconf 13' lang='grc' dir='ltr'><em>γ</em></span> 
     </span>
    </p>
   </div>
   <div class='ocr_carea' id='block_1_4' title="bbox 45 846 1761 1240">
    <p class='ocr_par' dir='ltr' id='par_1_4' title="bbox 45 846 1761 1240">
     <span class='ocr_line' id='line_1_12' title="bbox 141 846 1761 901; baseline 0.002 -15"><span class='ocrx_word' id='word_1_119' title='bbox 141 852 306 901; x_wconf 81' lang='lat' dir='ltr'>colliges.</span> <span class='ocrx_word' id='word_1_120' title='bbox 356 851 581 901; x_wconf 85' lang='lat' dir='ltr'>Lapidescere</span> <span class='ocrx_word' id='word_1_121' title='bbox 589 851 690 887; x_wconf 90' lang='lat' dir='ltr'>etiam</span> <span class='ocrx_word' id='word_1_122' title='bbox 707 851 804 888; x_wconf 90' lang='lat' dir='ltr'>illasa</span> <span class='ocrx_word' id='word_1_123' title='bbox 830 862 907 892; x_wconf 91' lang='lat' dir='ltr'>uas,</span> <span class='ocrx_word' id='word_1_124' title='bbox 923 862 998 899; x_wconf 86' lang='lat' dir='ltr'>quae</span> <span class='ocrx_word' id='word_1_125' title='bbox 1014 851 1199 901; x_wconf 89' lang='lat' dir='ltr'>plurimum</span> <span class='ocrx_word' id='word_1_126' title='bbox 1213 851 1391 901; x_wconf 82' lang='lat' dir='ltr'>gypsi,aut</span> <span class='ocrx_word' id='word_1_127' title='bbox 1405 852 1467 887; x_wconf 90' lang='lat' dir='ltr'>luti</span> <span class='ocrx_word' id='word_1_128' title='bbox 1477 847 1592 888; x_wconf 79' lang='lat' dir='ltr'>viscofi</span> <span class='ocrx_word' id='word_1_129' title='bbox 1605 846 1761 895; x_wconf 61' lang='lat' dir='ltr'>vehunt,</span> 
     </span>
     <span class='ocr_line' id='line_1_13' title="bbox 45 899 1751 949; baseline -0.001 -10"><span class='ocrx_word' id='word_1_130' title='bbox 45 900 145 940; x_wconf 67' lang='lat' dir='ltr'>heile</span> <span class='ocrx_word' id='word_1_131' title='bbox 158 901 252 937; x_wconf 87' lang='lat' dir='ltr'>enim</span> <span class='ocrx_word' id='word_1_132' title='bbox 263 902 385 936; x_wconf 88' lang='lat' dir='ltr'>harum</span> <span class='ocrx_word' id='word_1_133' title='bbox 397 900 597 948; x_wconf 78' lang='lat' dir='ltr'>corpuscula</span> <span class='ocrx_word' id='word_1_134' title='bbox 611 901 721 935; x_wconf 87' lang='lat' dir='ltr'>obviis</span> <span class='ocrx_word' id='word_1_135' title='bbox 734 899 802 947; x_wconf 90' lang='lat' dir='ltr'>inje</span> <span class='ocrx_word' id='word_1_136' title='bbox 839 901 865 936; x_wconf 92' lang='lat' dir='ltr'>is</span> <span class='ocrx_word' id='word_1_137' title='bbox 877 901 1025 936; x_wconf 87' lang='lat' dir='ltr'>materiis</span> <span class='ocrx_word' id='word_1_138' title='bbox 1035 900 1101 936; x_wconf 87' lang='lat' dir='ltr'>sese</span> <span class='ocrx_word' id='word_1_139' title='bbox 1114 901 1339 949; x_wconf 82' lang='lat' dir='ltr'>agglutinant.</span> <span class='ocrx_word' id='word_1_140' title='bbox 1390 901 1495 936; x_wconf 84' lang='lat' dir='ltr'>Unde</span> <span class='ocrx_word' id='word_1_141' title='bbox 1507 900 1699 948; x_wconf 83' lang='lat' dir='ltr'>&amp;lapidem</span> <span class='ocrx_word' id='word_1_142' title='bbox 1709 900 1751 937; x_wconf 86' lang='lat' dir='ltr'>ti·</span> 
     </span>
     <span class='ocr_line' id='line_1_14' title="bbox 47 948 1751 997; baseline 0 -12"><span class='ocrx_word' id='word_1_143' title='bbox 47 948 246 988; x_wconf 83' lang='lat' dir='ltr'>biarsobvia</span> <span class='ocrx_word' id='word_1_144' title='bbox 253 948 681 997; x_wconf 84' lang='lat' dir='ltr'>dabit,nempefilapidem</span> <span class='ocrx_word' id='word_1_145' title='bbox 691 960 937 997; x_wconf 87' lang='lat' dir='ltr'>quemcunque</span> <span class='ocrx_word' id='word_1_146' title='bbox 946 949 979 984; x_wconf 90' lang='lat' dir='ltr'>in</span> <span class='ocrx_word' id='word_1_147' title='bbox 991 948 1154 996; x_wconf 84' lang='lat' dir='ltr'>pollinem</span> <span class='ocrx_word' id='word_1_148' title='bbox 1164 949 1358 989; x_wconf 87' lang='lat' dir='ltr'>reduxeris,</span> <span class='ocrx_word' id='word_1_149' title='bbox 1372 948 1408 985; x_wconf 74' lang='grc' dir='ltr'>ὃς</span> <span class='ocrx_word' id='word_1_150' title='bbox 1423 961 1510 995; x_wconf 81' lang='lat' dir='ltr'>aqua</span> <span class='ocrx_word' id='word_1_151' title='bbox 1526 948 1662 984; x_wconf 58' lang='lat' dir='ltr'>subacto</span> <span class='ocrx_word' id='word_1_152' title='bbox 1673 961 1751 985; x_wconf 88' lang='lat' dir='ltr'>mo-</span> 
     </span>
     <span class='ocr_line' id='line_1_15' title="bbox 48 996 1750 1045; baseline 0 -12"><span class='ocrx_word' id='word_1_153' title='bbox 48 998 164 1034; x_wconf 86' lang='lat' dir='ltr'>dicum</span> <span class='ocrx_word' id='word_1_154' title='bbox 181 997 271 1038; x_wconf 85' lang='lat' dir='ltr'>salis,</span> <span class='ocrx_word' id='word_1_155' title='bbox 285 1007 344 1033; x_wconf 92' lang='lat' dir='ltr'>aut</span> <span class='ocrx_word' id='word_1_156' title='bbox 358 997 436 1033; x_wconf 91' lang='lat' dir='ltr'>nitri</span> <span class='ocrx_word' id='word_1_157' title='bbox 451 997 643 1041; x_wconf 88' lang='lat' dir='ltr'>miscueris;</span> <span class='ocrx_word' id='word_1_158' title='bbox 663 997 744 1032; x_wconf 78' lang='lat' dir='ltr'>huic</span> <span class='ocrx_word' id='word_1_159' title='bbox 758 997 925 1045; x_wconf 89' lang='lat' dir='ltr'>quidquid</span> <span class='ocrx_word' id='word_1_160' title='bbox 942 996 1106 1032; x_wconf 80' lang='lat' dir='ltr'>immersae</span> <span class='ocrx_word' id='word_1_161' title='bbox 1120 997 1173 1032; x_wconf 90' lang='lat' dir='ltr'>seu</span> <span class='ocrx_word' id='word_1_162' title='bbox 1191 1008 1324 1044; x_wconf 87' lang='lat' dir='ltr'>pannus</span> <span class='ocrx_word' id='word_1_163' title='bbox 1339 998 1366 1032; x_wconf 89' lang='lat' dir='ltr'>is</span> <span class='ocrx_word' id='word_1_164' title='bbox 1381 996 1434 1036; x_wconf 76' lang='lat' dir='ltr'>snt,</span> <span class='ocrx_word' id='word_1_165' title='bbox 1452 996 1507 1032; x_wconf 83' lang='lat' dir='ltr'>leu</span> <span class='ocrx_word' id='word_1_166' title='bbox 1524 997 1630 1033; x_wconf 85' lang='lat' dir='ltr'>herba</span> <span class='ocrx_word' id='word_1_167' title='bbox 1645 1020 1656 1038; x_wconf 95' lang='lat'>,</span> <span class='ocrx_word' id='word_1_168' title='bbox 1673 1009 1750 1033; x_wconf 90' lang='lat' dir='ltr'>cor·</span> 
     </span>
     <span class='ocr_line' id='line_1_16' title="bbox 48 1044 1750 1094; baseline 0 -13"><span class='ocrx_word' id='word_1_169' title='bbox 48 1045 116 1082; x_wconf 90' lang='lat' dir='ltr'>tice</span> <span class='ocrx_word' id='word_1_170' title='bbox 124 1045 259 1094; x_wconf 88' lang='lat' dir='ltr'>lapideo</span> <span class='ocrx_word' id='word_1_171' title='bbox 276 1045 468 1081; x_wconf 68' lang='lat' dir='ltr'>obdu&amp;um</span> <span class='ocrx_word' id='word_1_172' title='bbox 482 1045 625 1092; x_wconf 87' lang='lat' dir='ltr'>recipies</span> <span class='ocrx_word' id='word_1_173' title='bbox 636 1044 829 1085; x_wconf 78' lang='lat' dir='ltr'>nonsecuS,</span> <span class='ocrx_word' id='word_1_174' title='bbox 847 1057 887 1080; x_wconf 88' lang='lat' dir='ltr'>ac</span> <span class='ocrx_word' id='word_1_175' title='bbox 898 1046 981 1080; x_wconf 89' lang='lat' dir='ltr'>dum</span> <span class='ocrx_word' id='word_1_176' title='bbox 991 1045 1122 1094; x_wconf 85' lang='lat' dir='ltr'>lignum</span> <span class='ocrx_word' id='word_1_177' title='bbox 1132 1057 1216 1080; x_wconf 79' lang='lat' dir='ltr'>cerae</span> <span class='ocrx_word' id='word_1_178' title='bbox 1227 1045 1385 1094; x_wconf 82' lang='lat' dir='ltr'>linquatae</span> <span class='ocrx_word' id='word_1_179' title='bbox 1395 1045 1629 1093; x_wconf 85' lang='lat' dir='ltr'>immergitur,</span> <span class='ocrx_word' id='word_1_180' title='bbox 1648 1047 1750 1082; x_wconf 63' lang='lat' dir='ltr'>cerea</span> 
     </span>
     <span class='ocr_line' id='line_1_17' title="bbox 47 1092 1750 1143; baseline -0.001 -13"><span class='ocrx_word' id='word_1_181' title='bbox 47 1093 157 1130; x_wconf 57' lang='lat' dir='ltr'>crusta</span> <span class='ocrx_word' id='word_1_182' title='bbox 172 1093 356 1130; x_wconf 86' lang='lat' dir='ltr'>investitur.</span> <span class='ocrx_word' id='word_1_183' title='bbox 413 1093 542 1128; x_wconf 85' lang='lat' dir='ltr'>Pariter</span> <span class='ocrx_word' id='word_1_184' title='bbox 556 1092 591 1128; x_wconf 78' lang='grc' dir='ltr'>ἀ</span> <span class='ocrx_word' id='word_1_185' title='bbox 607 1092 668 1127; x_wconf 83' lang='lat' dir='ltr'>illae</span> <span class='ocrx_word' id='word_1_186' title='bbox 681 1103 776 1141; x_wconf 83' lang='lat' dir='ltr'>aquae</span> <span class='ocrx_word' id='word_1_187' title='bbox 790 1093 905 1128; x_wconf 72' lang='lat' dir='ltr'>faciles</span> <span class='ocrx_word' id='word_1_188' title='bbox 922 1093 998 1128; x_wconf 92' lang='lat' dir='ltr'>sunt</span> <span class='ocrx_word' id='word_1_189' title='bbox 1011 1094 1053 1128; x_wconf 91' lang='lat' dir='ltr'>ad</span> <span class='ocrx_word' id='word_1_190' title='bbox 1063 1094 1326 1143; x_wconf 81' lang='lat' dir='ltr'>generationem</span> <span class='ocrx_word' id='word_1_191' title='bbox 1342 1093 1478 1141; x_wconf 87' lang='lat' dir='ltr'>lapidis,</span> <span class='ocrx_word' id='word_1_192' title='bbox 1493 1094 1616 1141; x_wconf 91' lang='lat' dir='ltr'>quibus</span> <span class='ocrx_word' id='word_1_193' title='bbox 1629 1093 1750 1129; x_wconf 85' lang='lat' dir='ltr'>alumi-</span> 
     </span>
     <span class='ocr_line' id='line_1_18' title="bbox 45 1140 1750 1190; baseline -0.001 -12"><span class='ocrx_word' id='word_1_194' title='bbox 45 1142 100 1179; x_wconf 82' lang='lat' dir='ltr'>nis</span> <span class='ocrx_word' id='word_1_195' title='bbox 109 1142 210 1190; x_wconf 89' lang='lat' dir='ltr'>copia</span> <span class='ocrx_word' id='word_1_196' title='bbox 223 1141 443 1177; x_wconf 85' lang='lat' dir='ltr'>immiscetur.</span> <span class='ocrx_word' id='word_1_197' title='bbox 495 1142 587 1176; x_wconf 84' lang='lat' dir='ltr'>Nam</span> <span class='ocrx_word' id='word_1_198' title='bbox 603 1140 761 1188; x_wconf 86' lang='lat' dir='ltr'>lilapides</span> <span class='ocrx_word' id='word_1_199' title='bbox 769 1141 978 1176; x_wconf 85' lang='lat' dir='ltr'>aluminosos</span> <span class='ocrx_word' id='word_1_200' title='bbox 994 1142 1197 1177; x_wconf 82' lang='lat' dir='ltr'>irroratione</span> <span class='ocrx_word' id='word_1_201' title='bbox 1207 1142 1378 1189; x_wconf 77' lang='lat' dir='ltr'>frequenti</span> <span class='ocrx_word' id='word_1_202' title='bbox 1389 1152 1543 1177; x_wconf 81' lang='lat' dir='ltr'>maceres</span> <span class='ocrx_word' id='word_1_203' title='bbox 1556 1164 1567 1182; x_wconf 92' lang='lat'>,</span> <span class='ocrx_word' id='word_1_204' title='bbox 1583 1143 1699 1178; x_wconf 87' lang='lat' dir='ltr'>donec</span> <span class='ocrx_word' id='word_1_205' title='bbox 1713 1142 1750 1178; x_wconf 87' lang='lat' dir='ltr'>in</span> 
     </span>
     <span class='ocr_line' id='line_1_19' title="bbox 46 1188 1750 1240; baseline 0 -14"><span class='ocrx_word' id='word_1_206' title='bbox 46 1189 177 1227; x_wconf 70' lang='lat' dir='ltr'>oelcem</span> <span class='ocrx_word' id='word_1_207' title='bbox 190 1190 404 1240; x_wconf 81' lang='lat' dir='ltr'>redigantur,</span> <span class='ocrx_word' id='word_1_208' title='bbox 418 1199 522 1237; x_wconf 89' lang='lat' dir='ltr'>atque</span> <span class='ocrx_word' id='word_1_209' title='bbox 537 1188 695 1224; x_wconf 86' lang='lat' dir='ltr'>inlebete</span> <span class='ocrx_word' id='word_1_210' title='bbox 710 1198 854 1238; x_wconf 89' lang='lat' dir='ltr'>coquas,</span> <span class='ocrx_word' id='word_1_211' title='bbox 871 1189 998 1237; x_wconf 88' lang='lat' dir='ltr'>lapides</span> <span class='ocrx_word' id='word_1_212' title='bbox 1012 1189 1166 1237; x_wconf 86' lang='lat' dir='ltr'>crystallo</span> <span class='ocrx_word' id='word_1_213' title='bbox 1183 1190 1304 1226; x_wconf 77' lang='lat' dir='ltr'>ssmiles</span> <span class='ocrx_word' id='word_1_214' title='bbox 1314 1188 1461 1231; x_wconf 85' lang='lat' dir='ltr'>efficies,</span> <span class='ocrx_word' id='word_1_215' title='bbox 1473 1189 1557 1225; x_wconf 90' lang='lat' dir='ltr'>teste</span> <span class='ocrx_word' id='word_1_216' title='bbox 1565 1190 1750 1227; x_wconf 86' lang='lat' dir='ltr'>Kirchero.</span> 
     </span>
    </p>
   </div>
   <div class='ocr_carea' id='block_1_5' title="bbox 45 1283 1752 2300">
    <p class='ocr_par' dir='ltr' id='par_1_5' title="bbox 45 1283 1752 2300">
     <span class='ocr_line' id='line_1_20' title="bbox 143 1283 1748 1335; baseline 0 -13"><span class='ocrx_word' id='word_1_217' title='bbox 143 1286 289 1333; x_wconf 82' lang='lat' dir='ltr'>Quaeres</span> <span class='ocrx_word' id='word_1_218' title='bbox 304 1285 439 1322; x_wconf 78' lang='lat' dir='ltr'>ultimo.</span> <span class='ocrx_word' id='word_1_219' title='bbox 488 1286 547 1320; x_wconf 91' lang='lat' dir='ltr'>An</span> <span class='ocrx_word' id='word_1_220' title='bbox 561 1285 663 1320; x_wconf 82' lang='lat' dir='ltr'>etiam</span> <span class='ocrx_word' id='word_1_221' title='bbox 673 1285 798 1321; x_wconf 88' lang='lat' dir='ltr'>dentur</span> <span class='ocrx_word' id='word_1_222' title='bbox 806 1285 938 1326; x_wconf 85' lang='lat' dir='ltr'>fontes,</span> <span class='ocrx_word' id='word_1_223' title='bbox 947 1285 1056 1325; x_wconf 87' lang='lat' dir='ltr'>lacus,</span> <span class='ocrx_word' id='word_1_224' title='bbox 1066 1284 1100 1321; x_wconf 77' lang='grc' dir='ltr'>ὃ(</span> <span class='ocrx_word' id='word_1_225' title='bbox 1111 1283 1251 1321; x_wconf 85' lang='lat' dir='ltr'>flumina</span> <span class='ocrx_word' id='word_1_226' title='bbox 1259 1285 1423 1335; x_wconf 60' lang='lat' dir='ltr'>praesagiis</span> <span class='ocrx_word' id='word_1_227' title='bbox 1433 1285 1604 1321; x_wconf 84' lang='lat' dir='ltr'>malorum</span> <span class='ocrx_word' id='word_1_228' title='bbox 1613 1297 1748 1322; x_wconf 90' lang='lat' dir='ltr'>memo-</span> 
     </span>
     <span class='ocr_line' id='line_1_21' title="bbox 45 1333 1750 1383; baseline -0.001 -11"><span class='ocrx_word' id='word_1_229' title='bbox 45 1333 188 1372; x_wconf 79' lang='lat' dir='ltr'>rabiles?</span> <span class='ocrx_word' id='word_1_230' title='bbox 205 1334 430 1383; x_wconf 83' lang='lat' dir='ltr'>Respondeo,</span> <span class='ocrx_word' id='word_1_231' title='bbox 444 1333 527 1368; x_wconf 89' lang='lat' dir='ltr'>tales</span> <span class='ocrx_word' id='word_1_232' title='bbox 541 1334 689 1368; x_wconf 89' lang='lat' dir='ltr'>omnino</span> <span class='ocrx_word' id='word_1_233' title='bbox 699 1335 739 1369; x_wconf 89' lang='lat' dir='ltr'>ab</span> <span class='ocrx_word' id='word_1_234' title='bbox 748 1333 926 1369; x_wconf 90' lang='lat' dir='ltr'>Historicis</span> <span class='ocrx_word' id='word_1_235' title='bbox 939 1334 1088 1374; x_wconf 86' lang='lat' dir='ltr'>adduci,</span> <span class='ocrx_word' id='word_1_236' title='bbox 1102 1333 1210 1369; x_wconf 86' lang='lat' dir='ltr'>multa</span> <span class='ocrx_word' id='word_1_237' title='bbox 1225 1345 1343 1369; x_wconf 85' lang='lat' dir='ltr'>tamen</span> <span class='ocrx_word' id='word_1_238' title='bbox 1362 1356 1372 1374; x_wconf 86' lang='lat'>‚</span> <span class='ocrx_word' id='word_1_239' title='bbox 1387 1345 1462 1382; x_wconf 87' lang='lat' dir='ltr'>quae</span> <span class='ocrx_word' id='word_1_240' title='bbox 1474 1335 1518 1370; x_wconf 91' lang='lat' dir='ltr'>de</span> <span class='ocrx_word' id='word_1_241' title='bbox 1530 1334 1584 1369; x_wconf 87' lang='lat' dir='ltr'>his</span> <span class='ocrx_word' id='word_1_242' title='bbox 1601 1334 1750 1371; x_wconf 57' lang='lat' dir='ltr'>scribunc·</span> 
     </span>
     <span class='ocr_line' id='line_1_22' title="bbox 47 1380 1750 1429; baseline 0 -11"><span class='ocrx_word' id='word_1_243' title='bbox 47 1392 121 1423; x_wconf 88' lang='lat' dir='ltr'>tur,</span> <span class='ocrx_word' id='word_1_244' title='bbox 135 1381 292 1418; x_wconf 86' lang='lat' dir='ltr'>existimo</span> <span class='ocrx_word' id='word_1_245' title='bbox 308 1384 351 1418; x_wconf 87' lang='lat' dir='ltr'>ad</span> <span class='ocrx_word' id='word_1_246' title='bbox 363 1380 549 1418; x_wconf 79' lang='lat' dir='ltr'>fabulosam</span> <span class='ocrx_word' id='word_1_247' title='bbox 564 1382 802 1429; x_wconf 85' lang='lat' dir='ltr'>antiquitatem</span> <span class='ocrx_word' id='word_1_248' title='bbox 816 1382 1023 1418; x_wconf 86' lang='lat' dir='ltr'>remittenda</span> <span class='ocrx_word' id='word_1_249' title='bbox 1038 1381 1114 1417; x_wconf 79' lang='lat' dir='ltr'>effe.</span> <span class='ocrx_word' id='word_1_250' title='bbox 1164 1382 1219 1418; x_wconf 88' lang='lat' dir='ltr'>Sic</span> <span class='ocrx_word' id='word_1_251' title='bbox 1234 1383 1401 1423; x_wconf 86' lang='lat' dir='ltr'>scribitur,</span> <span class='ocrx_word' id='word_1_252' title='bbox 1415 1382 1582 1419; x_wconf 87' lang='lat' dir='ltr'>Althemii</span> <span class='ocrx_word' id='word_1_253' title='bbox 1597 1383 1632 1418; x_wconf 88' lang='lat' dir='ltr'>in</span> <span class='ocrx_word' id='word_1_254' title='bbox 1648 1384 1750 1418; x_wconf 86' lang='lat' dir='ltr'>ditio·</span> 
     </span>
     <span class='ocr_line' id='line_1_23' title="bbox 45 1429 1750 1478; baseline -0.001 -11"><span class='ocrx_word' id='word_1_255' title='bbox 45 1442 93 1467; x_wconf 86' lang='lat' dir='ltr'>ne</span> <span class='ocrx_word' id='word_1_256' title='bbox 105 1431 250 1467; x_wconf 85' lang='lat' dir='ltr'>civitatis</span> <span class='ocrx_word' id='word_1_257' title='bbox 266 1430 434 1466; x_wconf 84' lang='lat' dir='ltr'>Ulmenl-is</span> <span class='ocrx_word' id='word_1_258' title='bbox 443 1430 579 1465; x_wconf 86' lang='lat' dir='ltr'>fontem</span> <span class='ocrx_word' id='word_1_259' title='bbox 595 1429 677 1470; x_wconf 81' lang='lat' dir='ltr'>effe,</span> <span class='ocrx_word' id='word_1_260' title='bbox 693 1442 798 1478; x_wconf 90' lang='lat' dir='ltr'>quem</span> <span class='ocrx_word' id='word_1_261' title='bbox 812 1431 939 1466; x_wconf 75' lang='lat' dir='ltr'>famem</span> <span class='ocrx_word' id='word_1_262' title='bbox 955 1430 1144 1478; x_wconf 84' lang='lat' dir='ltr'>appellant,</span> <span class='ocrx_word' id='word_1_263' title='bbox 1161 1432 1241 1466; x_wconf 78' lang='lat' dir='ltr'>cum</span> <span class='ocrx_word' id='word_1_264' title='bbox 1251 1431 1388 1466; x_wconf 87' lang='lat' dir='ltr'>uberius</span> <span class='ocrx_word' id='word_1_265' title='bbox 1399 1440 1552 1471; x_wconf 84' lang='lat' dir='ltr'>emanat,</span> <span class='ocrx_word' id='word_1_266' title='bbox 1567 1430 1696 1467; x_wconf 90' lang='lat' dir='ltr'>famem</span> <span class='ocrx_word' id='word_1_267' title='bbox 1712 1431 1750 1469; x_wconf 85' lang='lat'>&amp;</span> 
     </span>
     <span class='ocr_line' id='line_1_24' title="bbox 47 1477 1750 1527; baseline 0 -12"><span class='ocrx_word' id='word_1_268' title='bbox 47 1490 196 1515; x_wconf 84' lang='lat' dir='ltr'>annonae</span> <span class='ocrx_word' id='word_1_269' title='bbox 211 1480 386 1515; x_wconf 87' lang='lat' dir='ltr'>caritatem</span> <span class='ocrx_word' id='word_1_270' title='bbox 402 1479 616 1527; x_wconf 79' lang='lat' dir='ltr'>p1·aenuntiat,</span> <span class='ocrx_word' id='word_1_271' title='bbox 667 1478 813 1514; x_wconf 83' lang='lat' dir='ltr'>Glanizii</span> <span class='ocrx_word' id='word_1_272' title='bbox 828 1479 863 1514; x_wconf 89' lang='lat' dir='ltr'>in</span> <span class='ocrx_word' id='word_1_273' title='bbox 872 1477 992 1514; x_wconf 87' lang='lat' dir='ltr'>Misnia</span> <span class='ocrx_word' id='word_1_274' title='bbox 1002 1479 1180 1527; x_wconf 84' lang='lat' dir='ltr'>Scaturigo</span> <span class='ocrx_word' id='word_1_275' title='bbox 1196 1480 1352 1526; x_wconf 85' lang='lat' dir='ltr'>quaedam</span> <span class='ocrx_word' id='word_1_276' title='bbox 1368 1478 1479 1515; x_wconf 85' lang='lat' dir='ltr'>rivulo</span> <span class='ocrx_word' id='word_1_277' title='bbox 1499 1478 1558 1514; x_wconf 90' lang='lat' dir='ltr'>suo</span> <span class='ocrx_word' id='word_1_278' title='bbox 1567 1479 1684 1515; x_wconf 89' lang='lat' dir='ltr'>Albim</span> <span class='ocrx_word' id='word_1_279' title='bbox 1699 1480 1750 1516; x_wconf 90' lang='lat' dir='ltr'>in-</span> 
     </span>
     <span class='ocr_line' id='line_1_25' title="bbox 48 1525 1750 1576; baseline 0.001 -14"><span class='ocrx_word' id='word_1_280' title='bbox 48 1525 134 1567; x_wconf 87' lang='lat' dir='ltr'>fluit,</span> <span class='ocrx_word' id='word_1_281' title='bbox 142 1538 217 1576; x_wconf 83' lang='lat' dir='ltr'>quae</span> <span class='ocrx_word' id='word_1_282' title='bbox 233 1527 254 1563; x_wconf 79' lang='lat' dir='ltr'>fi</span> <span class='ocrx_word' id='word_1_283' title='bbox 268 1539 392 1575; x_wconf 89' lang='lat' dir='ltr'>aquam</span> <span class='ocrx_word' id='word_1_284' title='bbox 400 1527 509 1563; x_wconf 89' lang='lat' dir='ltr'>volvit</span> <span class='ocrx_word' id='word_1_285' title='bbox 524 1528 658 1562; x_wconf 86' lang='lat' dir='ltr'>rubram</span> <span class='ocrx_word' id='word_1_286' title='bbox 674 1526 774 1562; x_wconf 86' lang='lat' dir='ltr'>instar</span> <span class='ocrx_word' id='word_1_287' title='bbox 783 1526 964 1575; x_wconf 84' lang='lat' dir='ltr'>sanguinis,</span> <span class='ocrx_word' id='word_1_288' title='bbox 975 1526 1102 1562; x_wconf 88' lang='lat' dir='ltr'>bellum</span> <span class='ocrx_word' id='word_1_289' title='bbox 1119 1527 1266 1566; x_wconf 83' lang='lat' dir='ltr'>indicat,</span> <span class='ocrx_word' id='word_1_290' title='bbox 1280 1528 1362 1562; x_wconf 78' lang='lat' dir='ltr'>cum</span> <span class='ocrx_word' id='word_1_291' title='bbox 1377 1531 1461 1563; x_wconf 85' lang='lat' dir='ltr'>vero</span> <span class='ocrx_word' id='word_1_292' title='bbox 1470 1527 1623 1563; x_wconf 85' lang='lat' dir='ltr'>cinerem</span> <span class='ocrx_word' id='word_1_293' title='bbox 1638 1527 1750 1564; x_wconf 82' lang='lat' dir='ltr'>effun-</span> 
     </span>
     <span class='ocr_line' id='line_1_26' title="bbox 48 1574 1750 1625; baseline 0 -13"><span class='ocrx_word' id='word_1_294' title='bbox 48 1577 115 1616; x_wconf 88' lang='lat' dir='ltr'>dit,</span> <span class='ocrx_word' id='word_1_295' title='bbox 124 1575 251 1624; x_wconf 90' lang='lat' dir='ltr'>pestem</span> <span class='ocrx_word' id='word_1_296' title='bbox 266 1575 428 1625; x_wconf 71' lang='lat' dir='ltr'>praessigit.</span> <span class='ocrx_word' id='word_1_297' title='bbox 478 1574 514 1610; x_wconf 92' lang='lat' dir='ltr'>ln</span> <span class='ocrx_word' id='word_1_298' title='bbox 529 1574 690 1610; x_wconf 87' lang='lat' dir='ltr'>Helvetia</span> <span class='ocrx_word' id='word_1_299' title='bbox 703 1575 814 1610; x_wconf 86' lang='lat' dir='ltr'>amnis</span> <span class='ocrx_word' id='word_1_300' title='bbox 831 1574 878 1611; x_wconf 88' lang='lat' dir='ltr'>est</span> <span class='ocrx_word' id='word_1_301' title='bbox 892 1574 1014 1610; x_wconf 91' lang='lat' dir='ltr'>incolis</span> <span class='ocrx_word' id='word_1_302' title='bbox 1029 1574 1160 1611; x_wconf 71' lang='lat' dir='ltr'>dictus:</span> <span class='ocrx_word' id='word_1_303' title='bbox 1181 1578 1237 1612; x_wconf 68' lang='lat' dir='ltr'>bio</span> <span class='ocrx_word' id='word_1_304' title='bbox 1246 1575 1599 1618; x_wconf 65' lang='lat' dir='ltr'>Siebmannebacbl</span> <span class='ocrx_word' id='word_1_305' title='bbox 1614 1577 1673 1624; x_wconf 88' lang='lat' dir='ltr'>qui</span> <span class='ocrx_word' id='word_1_306' title='bbox 1689 1588 1750 1612; x_wconf 90' lang='lat' dir='ltr'>an-</span> 
     </span>
     <span class='ocr_line' id='line_1_27' title="bbox 47 1622 1750 1671; baseline -0.001 -11"><span class='ocrx_word' id='word_1_307' title='bbox 47 1624 179 1660; x_wconf 82' lang='lat' dir='ltr'>nuatim</span> <span class='ocrx_word' id='word_1_308' title='bbox 188 1624 222 1659; x_wconf 91' lang='lat' dir='ltr'>in</span> <span class='ocrx_word' id='word_1_309' title='bbox 229 1625 412 1660; x_wconf 79' lang='lat' dir='ltr'>Autumno</span> <span class='ocrx_word' id='word_1_310' title='bbox 420 1623 608 1663; x_wconf 87' lang='lat' dir='ltr'>evanescit,</span> <span class='ocrx_word' id='word_1_311' title='bbox 626 1623 660 1658; x_wconf 89' lang='lat' dir='ltr'>in</span> <span class='ocrx_word' id='word_1_312' title='bbox 669 1634 750 1658; x_wconf 91' lang='lat' dir='ltr'>vere</span> <span class='ocrx_word' id='word_1_313' title='bbox 758 1633 874 1658; x_wconf 91' lang='lat' dir='ltr'>autem</span> <span class='ocrx_word' id='word_1_314' title='bbox 884 1623 1001 1659; x_wconf 80' lang='lat' dir='ltr'>denuo</span> <span class='ocrx_word' id='word_1_315' title='bbox 1011 1623 1177 1671; x_wconf 80' lang='lat' dir='ltr'>erumpit,</span> <span class='ocrx_word' id='word_1_316' title='bbox 1186 1623 1221 1659; x_wconf 85' lang='lat'>&amp;</span> <span class='ocrx_word' id='word_1_317' title='bbox 1229 1622 1319 1664; x_wconf 85' lang='lat' dir='ltr'>fluit,</span> <span class='ocrx_word' id='word_1_318' title='bbox 1337 1624 1419 1659; x_wconf 78' lang='lat' dir='ltr'>cum</span> <span class='ocrx_word' id='word_1_319' title='bbox 1436 1624 1536 1659; x_wconf 84' lang='lat' dir='ltr'>serius</span> <span class='ocrx_word' id='word_1_320' title='bbox 1552 1635 1651 1660; x_wconf 92' lang='lat' dir='ltr'>more</span> <span class='ocrx_word' id='word_1_321' title='bbox 1663 1635 1750 1662; x_wconf 72' lang='lat' dir='ltr'>con-</span> 
     </span>
     <span class='ocr_line' id='line_1_28' title="bbox 47 1670 1750 1719; baseline 0.001 -11"><span class='ocrx_word' id='word_1_322' title='bbox 47 1671 143 1708; x_wconf 88' lang='lat' dir='ltr'>sueto</span> <span class='ocrx_word' id='word_1_323' title='bbox 154 1672 188 1707; x_wconf 88' lang='lat' dir='ltr'>in</span> <span class='ocrx_word' id='word_1_324' title='bbox 196 1673 378 1708; x_wconf 90' lang='lat' dir='ltr'>Autumno</span> <span class='ocrx_word' id='word_1_325' title='bbox 388 1670 520 1707; x_wconf 82' lang='lat' dir='ltr'>fluxum</span> <span class='ocrx_word' id='word_1_326' title='bbox 529 1671 727 1711; x_wconf 83' lang='lat' dir='ltr'>continuat,</span> <span class='ocrx_word' id='word_1_327' title='bbox 736 1683 867 1707; x_wconf 85' lang='lat' dir='ltr'>annum</span> <span class='ocrx_word' id='word_1_328' title='bbox 884 1673 1018 1707; x_wconf 91' lang='lat' dir='ltr'>bonum</span> <span class='ocrx_word' id='word_1_329' title='bbox 1027 1683 1067 1707; x_wconf 91' lang='lat' dir='ltr'>ac</span> <span class='ocrx_word' id='word_1_330' title='bbox 1076 1671 1221 1707; x_wconf 86' lang='lat' dir='ltr'>fertilem</span> <span class='ocrx_word' id='word_1_331' title='bbox 1231 1682 1416 1708; x_wconf 86' lang='lat' dir='ltr'>venturum</span> <span class='ocrx_word' id='word_1_332' title='bbox 1426 1673 1631 1719; x_wconf 70' lang='lat' dir='ltr'>praenuntiat</span> <span class='ocrx_word' id='word_1_333' title='bbox 1638 1686 1650 1719; x_wconf 79' lang='lat'>3</span> <span class='ocrx_word' id='word_1_334' title='bbox 1666 1684 1750 1710; x_wconf 91' lang='lat' dir='ltr'>cum</span> 
     </span>
     <span class='ocr_line' id='line_1_29' title="bbox 46 1719 1749 1769; baseline 0.001 -12"><span class='ocrx_word' id='word_1_335' title='bbox 46 1729 131 1757; x_wconf 81' lang='lat' dir='ltr'>vero</span> <span class='ocrx_word' id='word_1_336' title='bbox 144 1719 241 1756; x_wconf 89' lang='lat' dir='ltr'>solito</span> <span class='ocrx_word' id='word_1_337' title='bbox 250 1721 337 1756; x_wconf 87' lang='lat' dir='ltr'>citus</span> <span class='ocrx_word' id='word_1_338' title='bbox 352 1719 529 1760; x_wconf 82' lang='lat' dir='ltr'>exarescit,</span> <span class='ocrx_word' id='word_1_339' title='bbox 545 1721 710 1755; x_wconf 87' lang='lat' dir='ltr'>damnum</span> <span class='ocrx_word' id='word_1_340' title='bbox 720 1720 755 1754; x_wconf 93' lang='lat' dir='ltr'>in</span> <span class='ocrx_word' id='word_1_341' title='bbox 769 1720 819 1755; x_wconf 81' lang='lat' dir='ltr'>fru</span> <span class='ocrx_word' id='word_1_342' title='bbox 847 1719 948 1755; x_wconf 77' lang='lat' dir='ltr'>ibusa</span> <span class='ocrx_word' id='word_1_343' title='bbox 962 1720 1091 1769; x_wconf 83' lang='lat' dir='ltr'>frigore</span> <span class='ocrx_word' id='word_1_344' title='bbox 1104 1721 1259 1755; x_wconf 80' lang='lat' dir='ltr'>futurum</span> <span class='ocrx_word' id='word_1_345' title='bbox 1275 1719 1436 1769; x_wconf 70' lang='lat' dir='ltr'>praelagit.</span> <span class='ocrx_word' id='word_1_346' title='bbox 1487 1721 1526 1756; x_wconf 92' lang='lat' dir='ltr'>In</span> <span class='ocrx_word' id='word_1_347' title='bbox 1544 1720 1652 1756; x_wconf 73' lang='lat' dir='ltr'>salinis</span> <span class='ocrx_word' id='word_1_348' title='bbox 1667 1720 1749 1758; x_wconf 80' lang='lat' dir='ltr'>fon·</span> 
     </span>
     <span class='ocr_line' id='line_1_30' title="bbox 48 1733 1750 1817; baseline -0.001 -12"><span class='ocrx_word' id='word_1_349' title='bbox 48 1768 138 1805; x_wconf 87' lang='lat' dir='ltr'>tibus</span> <span class='ocrx_word' id='word_1_350' title='bbox 146 1769 298 1805; x_wconf 83' lang='lat' dir='ltr'>Bochnae</span> <span class='ocrx_word' id='word_1_351' title='bbox 313 1769 348 1804; x_wconf 89' lang='lat' dir='ltr'>in</span> <span class='ocrx_word' id='word_1_352' title='bbox 356 1768 519 1808; x_wconf 87' lang='lat' dir='ltr'>Polonia,</span> <span class='ocrx_word' id='word_1_353' title='bbox 533 1779 614 1803; x_wconf 91' lang='lat' dir='ltr'>cum</span> <span class='ocrx_word' id='word_1_354' title='bbox 627 1769 814 1803; x_wconf 86' lang='lat' dir='ltr'>audiuntur</span> <span class='ocrx_word' id='word_1_355' title='bbox 823 1733 987 1803; x_wconf 35' lang='lat' dir='ltr'>{atrantes</span> <span class='ocrx_word' id='word_1_356' title='bbox 997 1779 1116 1808; x_wconf 80' lang='lat' dir='ltr'>canes,</span> <span class='ocrx_word' id='word_1_357' title='bbox 1130 1768 1185 1804; x_wconf 89' lang='lat' dir='ltr'>vel</span> <span class='ocrx_word' id='word_1_358' title='bbox 1200 1768 1278 1817; x_wconf 89' lang='lat' dir='ltr'>galli</span> <span class='ocrx_word' id='word_1_359' title='bbox 1287 1777 1465 1804; x_wconf 81' lang='lat' dir='ltr'>cantantes</span> <span class='ocrx_word' id='word_1_360' title='bbox 1474 1790 1484 1808; x_wconf 90' lang='lat'>,</span> <span class='ocrx_word' id='word_1_361' title='bbox 1492 1768 1546 1804; x_wconf 88' lang='lat' dir='ltr'>vel</span> <span class='ocrx_word' id='word_1_362' title='bbox 1554 1769 1656 1805; x_wconf 90' lang='lat' dir='ltr'>etiarn</span> <span class='ocrx_word' id='word_1_363' title='bbox 1665 1769 1750 1806; x_wconf 87' lang='lat' dir='ltr'>alio-</span> 
     </span>
     <span class='ocr_line' id='line_1_31' title="bbox 49 1815 1747 1866; baseline -0.002 -14"><span class='ocrx_word' id='word_1_364' title='bbox 49 1828 128 1853; x_wconf 83' lang='lat' dir='ltr'>rum</span> <span class='ocrx_word' id='word_1_365' title='bbox 153 1817 389 1864; x_wconf 88' lang='lat' dir='ltr'>quorumlibet</span> <span class='ocrx_word' id='word_1_366' title='bbox 405 1816 603 1851; x_wconf 82' lang='lat' dir='ltr'>animalium</span> <span class='ocrx_word' id='word_1_367' title='bbox 620 1815 788 1852; x_wconf 87' lang='lat' dir='ltr'>clamores</span> <span class='ocrx_word' id='word_1_368' title='bbox 803 1816 1226 1852; x_wconf 84' lang='lat' dir='ltr'>infortuniumimminens</span> <span class='ocrx_word' id='word_1_369' title='bbox 1234 1817 1474 1865; x_wconf 67' lang='lat' dir='ltr'>praenuntiant.</span> <span class='ocrx_word' id='word_1_370' title='bbox 1499 1816 1612 1866; x_wconf 73' lang='lat' dir='ltr'>Prope</span> <span class='ocrx_word' id='word_1_371' title='bbox 1620 1820 1747 1853; x_wconf 76' lang='lat' dir='ltr'>Volater.</span> 
     </span>
     <span class='ocr_line' id='line_1_32' title="bbox 47 1863 1748 1913; baseline 0.002 -13"><span class='ocrx_word' id='word_1_372' title='bbox 47 1865 138 1900; x_wconf 78' lang='lat' dir='ltr'>rasin</span> <span class='ocrx_word' id='word_1_373' title='bbox 151 1864 309 1900; x_wconf 87' lang='lat' dir='ltr'>Toscana</span> <span class='ocrx_word' id='word_1_374' title='bbox 323 1863 490 1913; x_wconf 84' lang='lat' dir='ltr'>scaturigo</span> <span class='ocrx_word' id='word_1_375' title='bbox 505 1864 660 1912; x_wconf 81' lang='lat' dir='ltr'>quaedam</span> <span class='ocrx_word' id='word_1_376' title='bbox 675 1865 718 1899; x_wconf 85' lang='lat' dir='ltr'>ad</span> <span class='ocrx_word' id='word_1_377' title='bbox 740 1865 863 1900; x_wconf 90' lang='lat' dir='ltr'>decem</span> <span class='ocrx_word' id='word_1_378' title='bbox 879 1865 1010 1912; x_wconf 90' lang='lat' dir='ltr'>pedum</span> <span class='ocrx_word' id='word_1_379' title='bbox 1025 1864 1242 1900; x_wconf 88' lang='lat' dir='ltr'>altitudinem</span> <span class='ocrx_word' id='word_1_380' title='bbox 1262 1875 1365 1912; x_wconf 87' lang='lat' dir='ltr'>aquas</span> <span class='ocrx_word' id='word_1_381' title='bbox 1380 1864 1548 1903; x_wconf 62' lang='lat' dir='ltr'>effundit?</span> <span class='ocrx_word' id='word_1_382' title='bbox 1563 1877 1642 1901; x_wconf 89' lang='lat' dir='ltr'>cum</span> <span class='ocrx_word' id='word_1_383' title='bbox 1661 1866 1748 1903; x_wconf 88' lang='lat' dir='ltr'>ultra</span> 
     </span>
     <span class='ocr_line' id='line_1_33' title="bbox 51 1911 1748 1961; baseline 0.001 -12"><span class='ocrx_word' id='word_1_384' title='bbox 51 1923 126 1950; x_wconf 87' lang='lat' dir='ltr'>earn</span> <span class='ocrx_word' id='word_1_385' title='bbox 140 1913 219 1948; x_wconf 88' lang='lat' dir='ltr'>fons</span> <span class='ocrx_word' id='word_1_386' title='bbox 227 1913 402 1953; x_wconf 83' lang='lat' dir='ltr'>accrescit,</span> <span class='ocrx_word' id='word_1_387' title='bbox 416 1912 546 1959; x_wconf 88' lang='lat' dir='ltr'>pluvias</span> <span class='ocrx_word' id='word_1_388' title='bbox 553 1935 564 1953; x_wconf 90' lang='lat'>,</span> <span class='ocrx_word' id='word_1_389' title='bbox 578 1924 618 1948; x_wconf 89' lang='lat' dir='ltr'>ac</span> <span class='ocrx_word' id='word_1_390' title='bbox 625 1912 842 1960; x_wconf 84' lang='lat' dir='ltr'>tempestates</span> <span class='ocrx_word' id='word_1_391' title='bbox 851 1911 1014 1961; x_wconf 81' lang='lat' dir='ltr'>fignificat</span> <span class='ocrx_word' id='word_1_392' title='bbox 1021 1925 1032 1958; x_wconf 88' lang='lat'>;</span> <span class='ocrx_word' id='word_1_393' title='bbox 1040 1924 1119 1948; x_wconf 91' lang='lat' dir='ltr'>cum</span> <span class='ocrx_word' id='word_1_394' title='bbox 1128 1913 1211 1949; x_wconf 81' lang='lat' dir='ltr'>vero</span> <span class='ocrx_word' id='word_1_395' title='bbox 1221 1913 1306 1948; x_wconf 79' lang='lat' dir='ltr'>infra</span> <span class='ocrx_word' id='word_1_396' title='bbox 1314 1911 1519 1948; x_wconf 82' lang='lat' dir='ltr'>ordinariam</span> <span class='ocrx_word' id='word_1_397' title='bbox 1528 1913 1748 1951; x_wconf 83' lang='lat' dir='ltr'>altitudinem</span> 
     </span>
     <span class='ocr_line' id='line_1_34' title="bbox 51 1960 1749 2012; baseline 0.002 -16"><span class='ocrx_word' id='word_1_398' title='bbox 51 1962 217 2001; x_wconf 85' lang='lat' dir='ltr'>exundat,</span> <span class='ocrx_word' id='word_1_399' title='bbox 233 1961 447 1997; x_wconf 88' lang='lat' dir='ltr'>serenitatem</span> <span class='ocrx_word' id='word_1_400' title='bbox 456 1960 492 1997; x_wconf 73' lang='grc' dir='ltr'>ὅ(</span> <span class='ocrx_word' id='word_1_401' title='bbox 500 1960 682 1996; x_wconf 82' lang='lat' dir='ltr'>ficcitatem</span> <span class='ocrx_word' id='word_1_402' title='bbox 692 1963 839 1996; x_wconf 78' lang='lat' dir='ltr'>tuturam</span> <span class='ocrx_word' id='word_1_403' title='bbox 848 1970 1050 2008; x_wconf 84' lang='lat' dir='ltr'>praemonet.</span> <span class='ocrx_word' id='word_1_404' title='bbox 1101 1960 1200 1996; x_wconf 88' lang='lat' dir='ltr'>Plura</span> <span class='ocrx_word' id='word_1_405' title='bbox 1209 1961 1322 1996; x_wconf 70' lang='lat' dir='ltr'>nmilia</span> <span class='ocrx_word' id='word_1_406' title='bbox 1329 1961 1454 1997; x_wconf 90' lang='lat' dir='ltr'>adduci</span> <span class='ocrx_word' id='word_1_407' title='bbox 1461 1960 1596 2009; x_wconf 79' lang='lat' dir='ltr'>possent</span> <span class='ocrx_word' id='word_1_408' title='bbox 1603 1984 1613 2002; x_wconf 92' lang='lat'>,</span> <span class='ocrx_word' id='word_1_409' title='bbox 1622 1973 1664 1998; x_wconf 85' lang='lat' dir='ltr'>ex</span> <span class='ocrx_word' id='word_1_410' title='bbox 1672 1963 1749 2012; x_wconf 84' lang='lat' dir='ltr'>qui-</span> 
     </span>
     <span class='ocr_line' id='line_1_35' title="bbox 49 2007 1750 2058; baseline 0.001 -12"><span class='ocrx_word' id='word_1_411' title='bbox 49 2009 114 2046; x_wconf 81' lang='lat' dir='ltr'>bus</span> <span class='ocrx_word' id='word_1_412' title='bbox 120 2009 199 2046; x_wconf 90' lang='lat' dir='ltr'>colli</span> <span class='ocrx_word' id='word_1_413' title='bbox 225 2010 504 2058; x_wconf 85' lang='lat' dir='ltr'>es,quorundam</span> <span class='ocrx_word' id='word_1_414' title='bbox 515 2007 700 2045; x_wconf 65' lang='lat' dir='ltr'>effestuum</span> <span class='ocrx_word' id='word_1_415' title='bbox 711 2020 753 2044; x_wconf 81' lang='lat' dir='ltr'>ex</span> <span class='ocrx_word' id='word_1_416' title='bbox 762 2008 858 2044; x_wconf 59' lang='lat' dir='ltr'>ditiis</span> <span class='ocrx_word' id='word_1_417' title='bbox 865 2009 1035 2045; x_wconf 83' lang='lat' dir='ltr'>rationem</span> <span class='ocrx_word' id='word_1_418' title='bbox 1043 2008 1154 2045; x_wconf 86' lang='lat' dir='ltr'>afferri</span> <span class='ocrx_word' id='word_1_419' title='bbox 1162 2008 1256 2058; x_wconf 78' lang='lat' dir='ltr'>posse</span> <span class='ocrx_word' id='word_1_420' title='bbox 1267 2032 1278 2050; x_wconf 91' lang='lat'>,</span> <span class='ocrx_word' id='word_1_421' title='bbox 1291 2009 1485 2057; x_wconf 88' lang='lat' dir='ltr'>aliquorum</span> <span class='ocrx_word' id='word_1_422' title='bbox 1494 2012 1577 2045; x_wconf 81' lang='lat' dir='ltr'>vero</span> <span class='ocrx_word' id='word_1_423' title='bbox 1593 2011 1750 2054; x_wconf 76' lang='lat' dir='ltr'>minime,</span> 
     </span>
     <span class='ocr_line' id='line_1_36' title="bbox 50 2055 1748 2107; baseline 0.002 -14"><span class='ocrx_word' id='word_1_424' title='bbox 50 2058 144 2094; x_wconf 89' lang='lat' dir='ltr'>unde</span> <span class='ocrx_word' id='word_1_425' title='bbox 150 2059 192 2093; x_wconf 88' lang='lat' dir='ltr'>ad</span> <span class='ocrx_word' id='word_1_426' title='bbox 220 2057 334 2094; x_wconf 83' lang='lat' dir='ltr'>&#39;abulas</span> <span class='ocrx_word' id='word_1_427' title='bbox 343 2055 538 2105; x_wconf 87' lang='lat' dir='ltr'>rejiciendi,</span> <span class='ocrx_word' id='word_1_428' title='bbox 546 2057 669 2105; x_wconf 79' lang='lat' dir='ltr'>quibus</span> <span class='ocrx_word' id='word_1_429' title='bbox 677 2056 713 2093; x_wconf 80' lang='grc' dir='ltr'>ἀ</span> <span class='ocrx_word' id='word_1_430' title='bbox 723 2057 903 2104; x_wconf 86' lang='lat' dir='ltr'>sequentes</span> <span class='ocrx_word' id='word_1_431' title='bbox 917 2057 972 2093; x_wconf 90' lang='lat' dir='ltr'>vel</span> <span class='ocrx_word' id='word_1_432' title='bbox 988 2058 1138 2094; x_wconf 85' lang='lat' dir='ltr'>maxime</span> <span class='ocrx_word' id='word_1_433' title='bbox 1149 2055 1311 2107; x_wconf 86' lang='lat' dir='ltr'>adjunge.</span> <span class='ocrx_word' id='word_1_434' title='bbox 1364 2058 1540 2094; x_wconf 87' lang='lat' dir='ltr'>Memorat</span> <span class='ocrx_word' id='word_1_435' title='bbox 1548 2058 1676 2094; x_wconf 88' lang='lat' dir='ltr'>Plinius</span> <span class='ocrx_word' id='word_1_436' title='bbox 1690 2060 1748 2100; x_wconf 80' lang='lat' dir='ltr'>lib.</span> 
     </span>
     <span class='ocr_line' id='line_1_37' title="bbox 49 2102 1748 2154; baseline 0.001 -13"><span class='ocrx_word' id='word_1_437' title='bbox 49 2115 90 2153; x_wconf 75' lang='lat'>31.</span> <span class='ocrx_word' id='word_1_438' title='bbox 102 2117 212 2153; x_wconf 79' lang='lat' dir='ltr'>cap.2,</span> <span class='ocrx_word' id='word_1_439' title='bbox 226 2105 524 2142; x_wconf 77' lang='lat' dir='ltr'>deAmneOlachas</span> <span class='ocrx_word' id='word_1_440' title='bbox 539 2104 631 2140; x_wconf 72' lang='lat' dir='ltr'>dic&#39;to</span> <span class='ocrx_word' id='word_1_441' title='bbox 644 2105 678 2140; x_wconf 90' lang='lat' dir='ltr'>in</span> <span class='ocrx_word' id='word_1_442' title='bbox 687 2105 862 2153; x_wconf 80' lang='lat' dir='ltr'>Bithynia,</span> <span class='ocrx_word' id='word_1_443' title='bbox 879 2102 978 2152; x_wconf 90' lang='lat' dir='ltr'>cujus</span> <span class='ocrx_word' id='word_1_444' title='bbox 990 2106 1127 2154; x_wconf 81' lang='lat' dir='ltr'>gurgite</span> <span class='ocrx_word' id='word_1_445' title='bbox 1134 2104 1258 2154; x_wconf 88' lang='lat' dir='ltr'>perjuri</span> <span class='ocrx_word' id='word_1_446' title='bbox 1274 2115 1439 2142; x_wconf 89' lang='lat' dir='ltr'>notantur</span> <span class='ocrx_word' id='word_1_447' title='bbox 1452 2106 1521 2154; x_wconf 91' lang='lat' dir='ltr'>pati</span> <span class='ocrx_word' id='word_1_448' title='bbox 1536 2106 1641 2142; x_wconf 89' lang='lat' dir='ltr'>veluti</span> <span class='ocrx_word' id='word_1_449' title='bbox 1651 2106 1748 2144; x_wconf 80' lang='lat' dir='ltr'>flam·</span> 
     </span>
     <span class='ocr_line' id='line_1_38' title="bbox 49 2153 1752 2197; baseline -0.001 -7"><span class='ocrx_word' id='word_1_450' title='bbox 49 2164 142 2190; x_wconf 89' lang='lat' dir='ltr'>mam</span> <span class='ocrx_word' id='word_1_451' title='bbox 157 2164 325 2193; x_wconf 87' lang='lat' dir='ltr'>urentem.</span> <span class='ocrx_word' id='word_1_452' title='bbox 375 2154 570 2191; x_wconf 84' lang='lat' dir='ltr'>Alexander</span> <span class='ocrx_word' id='word_1_453' title='bbox 582 2153 728 2191; x_wconf 83' lang='lat' dir='ltr'>abAlex.</span> <span class='ocrx_word' id='word_1_454' title='bbox 741 2154 796 2189; x_wconf 88' lang='lat' dir='ltr'>lib.</span> <span class='ocrx_word' id='word_1_455' title='bbox 805 2165 830 2197; x_wconf 91' lang='lat'>5.</span> <span class='ocrx_word' id='word_1_456' title='bbox 840 2154 1243 2192; x_wconf 79' lang='lat' dir='ltr'>c.16.mentionemfacit</span> <span class='ocrx_word' id='word_1_457' title='bbox 1253 2155 1357 2190; x_wconf 87' lang='lat' dir='ltr'>fontis</span> <span class='ocrx_word' id='word_1_458' title='bbox 1366 2155 1512 2191; x_wconf 87' lang='lat' dir='ltr'>Acadini</span> <span class='ocrx_word' id='word_1_459' title='bbox 1526 2155 1560 2190; x_wconf 84' lang='lat' dir='ltr'>in</span> <span class='ocrx_word' id='word_1_460' title='bbox 1574 2155 1752 2197; x_wconf 65' lang='lat' dir='ltr'>Siciliam.</span> 
     </span>
     <span class='ocr_line' id='line_1_39' title="bbox 51 2201 1751 2252; baseline 0.001 -13"><span class='ocrx_word' id='word_1_461' title='bbox 51 2202 86 2239; x_wconf 85' lang='lat' dir='ltr'>bi</span> <span class='ocrx_word' id='word_1_462' title='bbox 94 2202 214 2238; x_wconf 84' lang='lat' dir='ltr'>tabulae</span> <span class='ocrx_word' id='word_1_463' title='bbox 216 2201 406 2250; x_wconf 90' lang='lat' dir='ltr'>juramenti</span> <span class='ocrx_word' id='word_1_464' title='bbox 413 2202 485 2237; x_wconf 89' lang='lat' dir='ltr'>veri</span> <span class='ocrx_word' id='word_1_465' title='bbox 494 2202 668 2242; x_wconf 87' lang='lat' dir='ltr'>innatant,</span> <span class='ocrx_word' id='word_1_466' title='bbox 683 2201 749 2237; x_wconf 80' lang='lat' dir='ltr'>falfi</span> <span class='ocrx_word' id='word_1_467' title='bbox 764 2212 984 2250; x_wconf 86' lang='lat' dir='ltr'>merguntur,</span> <span class='ocrx_word' id='word_1_468' title='bbox 993 2202 1031 2237; x_wconf 89' lang='lat' dir='ltr'>iis</span> <span class='ocrx_word' id='word_1_469' title='bbox 1039 2203 1267 2239; x_wconf 91' lang='lat' dir='ltr'>morientibus</span> <span class='ocrx_word' id='word_1_470' title='bbox 1277 2202 1423 2251; x_wconf 89' lang='lat' dir='ltr'>semper,</span> <span class='ocrx_word' id='word_1_471' title='bbox 1439 2203 1497 2252; x_wconf 87' lang='lat' dir='ltr'>qui</span> <span class='ocrx_word' id='word_1_472' title='bbox 1510 2202 1630 2240; x_wconf 79' lang='lat' dir='ltr'>falsum</span> <span class='ocrx_word' id='word_1_473' title='bbox 1631 2202 1751 2252; x_wconf 82' lang='lat' dir='ltr'>juran-</span> 
     </span>
     <span class='ocr_line' id='line_1_40' title="bbox 50 2247 1407 2300; baseline 0.001 -13"><span class='ocrx_word' id='word_1_474' title='bbox 50 2250 146 2288; x_wconf 74' lang='lat' dir='ltr'>resin</span> <span class='ocrx_word' id='word_1_475' title='bbox 158 2262 202 2287; x_wconf 87' lang='lat' dir='ltr'>eo</span> <span class='ocrx_word' id='word_1_476' title='bbox 217 2251 250 2288; x_wconf 89' lang='lat' dir='ltr'>se</span> <span class='ocrx_word' id='word_1_477' title='bbox 263 2251 396 2298; x_wconf 88' lang='lat' dir='ltr'>lavant;</span> <span class='ocrx_word' id='word_1_478' title='bbox 410 2260 533 2287; x_wconf 88' lang='lat' dir='ltr'>contra</span> <span class='ocrx_word' id='word_1_479' title='bbox 547 2259 665 2287; x_wconf 86' lang='lat' dir='ltr'>autem</span> <span class='ocrx_word' id='word_1_480' title='bbox 679 2247 924 2299; x_wconf 87' lang='lat' dir='ltr'>verajurantes</span> <span class='ocrx_word' id='word_1_481' title='bbox 937 2250 1031 2287; x_wconf 88' lang='lat' dir='ltr'>nulla</span> <span class='ocrx_word' id='word_1_482' title='bbox 1041 2251 1076 2287; x_wconf 87' lang='lat' dir='ltr'>in</span> <span class='ocrx_word' id='word_1_483' title='bbox 1082 2250 1407 2300; x_wconf 83' lang='lat' dir='ltr'>partelaedebantur.</span> 
     </span>
    </p>
   </div>
   <div class='ocr_carea' id='block_1_6' title="bbox 797 2470 1136 2528">
    <p class='ocr_par' dir='ltr' id='par_1_6' title="bbox 797 2470 1136 2528">
     <span class='ocr_line' id='line_1_41' title="bbox 797 2470 1136 2528; baseline 0.009 -4"><span class='ocrx_word' id='word_1_484' title='bbox 797 2470 1136 2528; x_wconf 68' lang='lat' dir='ltr'>Corodarium.</span> 
     </span>
    </p>
   </div>
   <div class='ocr_carea' id='block_1_7' title="bbox 53 2631 1758 3164">
    <p class='ocr_par' dir='ltr' id='par_1_7' title="bbox 53 2631 1758 3164">
     <span class='ocr_line' id='line_1_42' title="bbox 152 2631 1754 2685; baseline 0.001 -15"><span class='ocrx_word' id='word_1_485' title='bbox 152 2633 217 2670; x_wconf 80' lang='lat' dir='ltr'>11ae</span> <span class='ocrx_word' id='word_1_486' title='bbox 233 2634 396 2670; x_wconf 84' lang='lat' dir='ltr'>dicuntur</span> <span class='ocrx_word' id='word_1_487' title='bbox 409 2634 453 2669; x_wconf 90' lang='lat' dir='ltr'>de</span> <span class='ocrx_word' id='word_1_488' title='bbox 466 2632 564 2669; x_wconf 87' lang='lat' dir='ltr'>fonte</span> <span class='ocrx_word' id='word_1_489' title='bbox 580 2631 823 2683; x_wconf 85' lang='lat' dir='ltr'>Paphlagoniae</span> <span class='ocrx_word' id='word_1_490' title='bbox 835 2656 846 2674; x_wconf 86' lang='lat'>,</span> <span class='ocrx_word' id='word_1_491' title='bbox 859 2632 958 2682; x_wconf 88' lang='lat' dir='ltr'>cujus</span> <span class='ocrx_word' id='word_1_492' title='bbox 971 2645 1060 2682; x_wconf 89' lang='lat' dir='ltr'>aqua</span> <span class='ocrx_word' id='word_1_493' title='bbox 1073 2633 1144 2670; x_wconf 88' lang='lat' dir='ltr'>vini</span> <span class='ocrx_word' id='word_1_494' title='bbox 1158 2645 1259 2671; x_wconf 90' lang='lat' dir='ltr'>more</span> <span class='ocrx_word' id='word_1_495' title='bbox 1274 2633 1434 2679; x_wconf 86' lang='lat' dir='ltr'>inebriat,</span> <span class='ocrx_word' id='word_1_496' title='bbox 1444 2634 1538 2672; x_wconf 77' lang='lat' dir='ltr'>certe</span> <span class='ocrx_word' id='word_1_497' title='bbox 1545 2632 1617 2671; x_wconf 81' lang='lat' dir='ltr'>fieri</span> <span class='ocrx_word' id='word_1_498' title='bbox 1630 2634 1754 2685; x_wconf 84' lang='lat' dir='ltr'>potest,</span> 
     </span>
     <span class='ocr_line' id='line_1_43' title="bbox 54 2642 1754 2769; baseline 0.001 -51"><span class='ocrx_word' id='word_1_499' title='bbox 54 2642 201 2769; x_wconf 88' lang='lat' dir='ltr'>Qut</span> <span class='ocrx_word' id='word_1_500' title='bbox 213 2682 257 2719; x_wconf 88' lang='lat' dir='ltr'>ita</span> <span class='ocrx_word' id='word_1_501' title='bbox 271 2682 328 2727; x_wconf 79' lang='lat' dir='ltr'>fit3</span> <span class='ocrx_word' id='word_1_502' title='bbox 339 2682 426 2718; x_wconf 87' lang='lat' dir='ltr'>ratio</span> <span class='ocrx_word' id='word_1_503' title='bbox 435 2693 541 2729; x_wconf 88' lang='lat' dir='ltr'>porro</span> <span class='ocrx_word' id='word_1_504' title='bbox 551 2682 679 2729; x_wconf 87' lang='lat' dir='ltr'>petitur</span> <span class='ocrx_word' id='word_1_505' title='bbox 693 2684 734 2718; x_wconf 90' lang='lat' dir='ltr'>ab</span> <span class='ocrx_word' id='word_1_506' title='bbox 750 2683 789 2717; x_wconf 93' lang='lat' dir='ltr'>iis</span> <span class='ocrx_word' id='word_1_507' title='bbox 803 2683 1031 2732; x_wconf 91' lang='lat' dir='ltr'>corpusculis,</span> <span class='ocrx_word' id='word_1_508' title='bbox 1044 2681 1098 2719; x_wconf 90' lang='lat' dir='ltr'>vel</span> <span class='ocrx_word' id='word_1_509' title='bbox 1106 2683 1247 2718; x_wconf 86' lang='lat' dir='ltr'>admixti</span> <span class='ocrx_word' id='word_1_510' title='bbox 1262 2683 1352 2720; x_wconf 89' lang='lat' dir='ltr'>succi</span> <span class='ocrx_word' id='word_1_511' title='bbox 1365 2683 1536 2732; x_wconf 90' lang='lat' dir='ltr'>particulis</span> <span class='ocrx_word' id='word_1_512' title='bbox 1550 2706 1560 2724; x_wconf 93' lang='lat'>,</span> <span class='ocrx_word' id='word_1_513' title='bbox 1577 2695 1652 2731; x_wconf 82' lang='lat' dir='ltr'>quae</span> <span class='ocrx_word' id='word_1_514' title='bbox 1678 2697 1754 2721; x_wconf 88' lang='lat' dir='ltr'>non</span> 
     </span>
     <span class='ocr_line' id='line_1_44' title="bbox 161 2728 1756 2780; baseline 0.001 -13"><span class='ocrx_word' id='word_1_515' title='bbox 161 2728 334 2768; x_wconf 80' lang='lat' dir='ltr'>diffimiles</span> <span class='ocrx_word' id='word_1_516' title='bbox 350 2729 600 2766; x_wconf 69' lang='lat' dir='ltr'>obstruc&#39;tiones</span> <span class='ocrx_word' id='word_1_517' title='bbox 614 2731 758 2766; x_wconf 89' lang='lat' dir='ltr'>cerebro</span> <span class='ocrx_word' id='word_1_518' title='bbox 774 2730 1038 2767; x_wconf 83' lang='lat' dir='ltr'>communicant</span> <span class='ocrx_word' id='word_1_519' title='bbox 1053 2730 1091 2766; x_wconf 86' lang='lat' dir='ltr'>iis</span> <span class='ocrx_word' id='word_1_520' title='bbox 1105 2753 1116 2771; x_wconf 96' lang='lat'>,</span> <span class='ocrx_word' id='word_1_521' title='bbox 1130 2743 1213 2780; x_wconf 86' lang='lat' dir='ltr'>quas</span> <span class='ocrx_word' id='word_1_522' title='bbox 1226 2731 1348 2767; x_wconf 89' lang='lat' dir='ltr'>vinum</span> <span class='ocrx_word' id='word_1_523' title='bbox 1362 2732 1547 2768; x_wconf 87' lang='lat' dir='ltr'>conciliare</span> <span class='ocrx_word' id='word_1_524' title='bbox 1561 2732 1656 2772; x_wconf 75' lang='lat' dir='ltr'>(olet.</span> <span class='ocrx_word' id='word_1_525' title='bbox 1704 2733 1756 2768; x_wconf 85' lang='lat' dir='ltr'>Si-</span> 
     </span>
     <span class='ocr_line' id='line_1_45' title="bbox 55 2777 1753 2828; baseline 0.001 -14"><span class='ocrx_word' id='word_1_526' title='bbox 55 2777 178 2815; x_wconf 80' lang='lat' dir='ltr'>militer</span> <span class='ocrx_word' id='word_1_527' title='bbox 188 2790 264 2828; x_wconf 83' lang='lat' dir='ltr'>quae</span> <span class='ocrx_word' id='word_1_528' title='bbox 272 2777 363 2815; x_wconf 58' lang='lat' dir='ltr'>dicta</span> <span class='ocrx_word' id='word_1_529' title='bbox 372 2778 497 2814; x_wconf 89' lang='lat' dir='ltr'>suntde</span> <span class='ocrx_word' id='word_1_530' title='bbox 504 2778 600 2826; x_wconf 89' lang='lat' dir='ltr'>aquis</span> <span class='ocrx_word' id='word_1_531' title='bbox 609 2801 619 2818; x_wconf 92' lang='lat'>,</span> <span class='ocrx_word' id='word_1_532' title='bbox 636 2778 867 2819; x_wconf 88' lang='lat' dir='ltr'>oblivionem,</span> <span class='ocrx_word' id='word_1_533' title='bbox 882 2779 936 2815; x_wconf 91' lang='lat' dir='ltr'>vel</span> <span class='ocrx_word' id='word_1_534' title='bbox 947 2779 1110 2814; x_wconf 89' lang='lat' dir='ltr'>insaniam</span> <span class='ocrx_word' id='word_1_535' title='bbox 1120 2802 1131 2820; x_wconf 96' lang='lat'>,</span> <span class='ocrx_word' id='word_1_536' title='bbox 1143 2779 1198 2815; x_wconf 89' lang='lat' dir='ltr'>vel</span> <span class='ocrx_word' id='word_1_537' title='bbox 1212 2779 1284 2815; x_wconf 88' lang='lat' dir='ltr'>vini</span> <span class='ocrx_word' id='word_1_538' title='bbox 1297 2781 1438 2816; x_wconf 83' lang='lat' dir='ltr'>taedium</span> <span class='ocrx_word' id='word_1_539' title='bbox 1455 2781 1699 2817; x_wconf 87' lang='lat' dir='ltr'>inducentibus</span> <span class='ocrx_word' id='word_1_540' title='bbox 1708 2804 1718 2821; x_wconf 90' lang='lat'>,</span> <span class='ocrx_word' id='word_1_541' title='bbox 1730 2779 1753 2815; x_wconf 82' lang='lat' dir='ltr'>fi</span> 
     </span>
     <span class='ocr_line' id='line_1_46' title="bbox 53 2826 1752 2877; baseline 0.001 -15"><span class='ocrx_word' id='word_1_542' title='bbox 53 2835 131 2862; x_wconf 77' lang='lat' dir='ltr'>vera</span> <span class='ocrx_word' id='word_1_543' title='bbox 144 2826 430 2867; x_wconf 85' lang='lat' dir='ltr'>sunt,rationibus</span> <span class='ocrx_word' id='word_1_544' title='bbox 437 2826 580 2862; x_wconf 83' lang='lat' dir='ltr'>minime</span> <span class='ocrx_word' id='word_1_545' title='bbox 588 2826 834 2868; x_wconf 88' lang='lat' dir='ltr'>destituuntur,</span> <span class='ocrx_word' id='word_1_546' title='bbox 843 2839 970 2875; x_wconf 90' lang='lat' dir='ltr'>nempe</span> <span class='ocrx_word' id='word_1_547' title='bbox 977 2828 1059 2864; x_wconf 80' lang='lat' dir='ltr'>cum</span> <span class='ocrx_word' id='word_1_548' title='bbox 1067 2826 1130 2863; x_wconf 81' lang='lat' dir='ltr'>illae</span> <span class='ocrx_word' id='word_1_549' title='bbox 1137 2839 1233 2876; x_wconf 86' lang='lat' dir='ltr'>aquae</span> <span class='ocrx_word' id='word_1_550' title='bbox 1246 2827 1364 2864; x_wconf 88' lang='lat' dir='ltr'>nostro</span> <span class='ocrx_word' id='word_1_551' title='bbox 1375 2829 1526 2877; x_wconf 83' lang='lat' dir='ltr'>sanguini</span> <span class='ocrx_word' id='word_1_552' title='bbox 1539 2828 1752 2864; x_wconf 75' lang='lat' dir='ltr'>comiscean-</span> 
     </span>
     <span class='ocr_line' id='line_1_47' title="bbox 54 2874 1756 2925; baseline 0.002 -15"><span class='ocrx_word' id='word_1_553' title='bbox 54 2874 284 2924; x_wconf 81' lang='lat' dir='ltr'>tur&amp;hicper</span> <span class='ocrx_word' id='word_1_554' title='bbox 296 2884 410 2911; x_wconf 89' lang='lat' dir='ltr'>totum</span> <span class='ocrx_word' id='word_1_555' title='bbox 426 2886 488 2910; x_wconf 90' lang='lat' dir='ltr'>cor</span> <span class='ocrx_word' id='word_1_556' title='bbox 513 2887 552 2910; x_wconf 90' lang='lat' dir='ltr'>us</span> <span class='ocrx_word' id='word_1_557' title='bbox 566 2874 778 2910; x_wconf 84' lang='lat' dir='ltr'>diffundatur</span> <span class='ocrx_word' id='word_1_558' title='bbox 788 2888 800 2921; x_wconf 72' lang='grc' dir='ltr'>ς</span> <span class='ocrx_word' id='word_1_559' title='bbox 812 2877 896 2923; x_wconf 89' lang='lat' dir='ltr'>quid</span> <span class='ocrx_word' id='word_1_560' title='bbox 909 2877 1035 2912; x_wconf 91' lang='lat' dir='ltr'>mirum</span> <span class='ocrx_word' id='word_1_561' title='bbox 1048 2898 1059 2916; x_wconf 89' lang='lat'>,</span> <span class='ocrx_word' id='word_1_562' title='bbox 1073 2875 1094 2911; x_wconf 86' lang='lat' dir='ltr'>fi</span> <span class='ocrx_word' id='word_1_563' title='bbox 1108 2888 1238 2925; x_wconf 85' lang='lat' dir='ltr'>organa</span> <span class='ocrx_word' id='word_1_564' title='bbox 1251 2876 1309 2912; x_wconf 87' lang='lat' dir='ltr'>tali</span> <span class='ocrx_word' id='word_1_565' title='bbox 1323 2879 1433 2913; x_wconf 86' lang='lat' dir='ltr'>modo</span> <span class='ocrx_word' id='word_1_566' title='bbox 1448 2899 1458 2917; x_wconf 92' lang='lat'>,</span> <span class='ocrx_word' id='word_1_567' title='bbox 1474 2875 1527 2912; x_wconf 77' lang='lat' dir='ltr'>vel</span> <span class='ocrx_word' id='word_1_568' title='bbox 1543 2877 1599 2912; x_wconf 83' lang='lat' dir='ltr'>tali</span> <span class='ocrx_word' id='word_1_569' title='bbox 1613 2875 1756 2918; x_wconf 79' lang='lat' dir='ltr'>afficiat,</span> 
     </span>
     <span class='ocr_line' id='line_1_48' title="bbox 55 2922 1755 2972; baseline 0.002 -14"><span class='ocrx_word' id='word_1_570' title='bbox 55 2932 98 2958; x_wconf 81' lang='lat' dir='ltr'>ex</span> <span class='ocrx_word' id='word_1_571' title='bbox 109 2935 180 2971; x_wconf 91' lang='lat' dir='ltr'>quo</span> <span class='ocrx_word' id='word_1_572' title='bbox 194 2923 361 2972; x_wconf 90' lang='lat' dir='ltr'>sequitur,</span> <span class='ocrx_word' id='word_1_573' title='bbox 375 2922 429 2958; x_wconf 91' lang='lat' dir='ltr'>vel</span> <span class='ocrx_word' id='word_1_574' title='bbox 444 2923 478 2958; x_wconf 92' lang='lat' dir='ltr'>in</span> <span class='ocrx_word' id='word_1_575' title='bbox 493 2924 586 2964; x_wconf 90' lang='lat' dir='ltr'>ania,</span> <span class='ocrx_word' id='word_1_576' title='bbox 601 2923 656 2959; x_wconf 92' lang='lat' dir='ltr'>vel</span> <span class='ocrx_word' id='word_1_577' title='bbox 672 2922 818 2964; x_wconf 81' lang='lat' dir='ltr'>oblivio,</span> <span class='ocrx_word' id='word_1_578' title='bbox 833 2924 887 2959; x_wconf 90' lang='lat' dir='ltr'>vel</span> <span class='ocrx_word' id='word_1_579' title='bbox 902 2923 1085 2972; x_wconf 84' lang='lat' dir='ltr'>morsipsa‚</span> <span class='ocrx_word' id='word_1_580' title='bbox 1093 2924 1148 2960; x_wconf 91' lang='lat' dir='ltr'>vel</span> <span class='ocrx_word' id='word_1_581' title='bbox 1163 2925 1235 2960; x_wconf 91' lang='lat' dir='ltr'>vini</span> <span class='ocrx_word' id='word_1_582' title='bbox 1249 2925 1470 2965; x_wconf 74' lang='lat' dir='ltr'>taedium,vel</span> <span class='ocrx_word' id='word_1_583' title='bbox 1484 2923 1638 2960; x_wconf 87' lang='lat' dir='ltr'>sensuum</span> <span class='ocrx_word' id='word_1_584' title='bbox 1650 2926 1755 2964; x_wconf 67' lang='lat' dir='ltr'>hebe-⁴</span> 
     </span>
     <span class='ocr_line' id='line_1_49' title="bbox 54 2970 1758 3028; baseline 0.003 -23"><span class='ocrx_word' id='word_1_585' title='bbox 54 2971 162 3017; x_wconf 79' lang='lat' dir='ltr'>tud03</span> <span class='ocrx_word' id='word_1_586' title='bbox 176 2971 352 3008; x_wconf 84' lang='lat' dir='ltr'>haecenim</span> <span class='ocrx_word' id='word_1_587' title='bbox 367 2971 486 3006; x_wconf 91' lang='lat' dir='ltr'>omnia</span> <span class='ocrx_word' id='word_1_588' title='bbox 495 2970 597 3006; x_wconf 88' lang='lat' dir='ltr'>talem</span> <span class='ocrx_word' id='word_1_589' title='bbox 615 2983 825 3020; x_wconf 86' lang='lat' dir='ltr'>organorum</span> <span class='ocrx_word' id='word_1_590' title='bbox 840 2971 1100 3020; x_wconf 81' lang='lat' dir='ltr'>dispofitionem</span> <span class='ocrx_word' id='word_1_591' title='bbox 1115 2972 1306 3008; x_wconf 77' lang='lat' dir='ltr'>desiderant</span> <span class='ocrx_word' id='word_1_592' title='bbox 1320 2996 1331 3014; x_wconf 85' lang='lat'>,</span> <span class='ocrx_word' id='word_1_593' title='bbox 1345 2984 1449 3028; x_wconf 87' lang='lat' dir='ltr'>quam</span> <span class='ocrx_word' id='word_1_594' title='bbox 1465 2973 1613 3008; x_wconf 89' lang='lat' dir='ltr'>omnino</span> <span class='ocrx_word' id='word_1_595' title='bbox 1627 2973 1758 3011; x_wconf 87' lang='lat' dir='ltr'>tollunt</span> 
     </span>
     <span class='ocr_line' id='line_1_50' title="bbox 56 3019 1758 3069; baseline 0.002 -15"><span class='ocrx_word' id='word_1_596' title='bbox 56 3027 98 3054; x_wconf 62' lang='grc' dir='ltr'>ω</span> <span class='ocrx_word' id='word_1_597' title='bbox 115 3019 314 3067; x_wconf 88' lang='lat' dir='ltr'>corpuscula</span> <span class='ocrx_word' id='word_1_598' title='bbox 326 3042 338 3060; x_wconf 91' lang='lat'>,</span> <span class='ocrx_word' id='word_1_599' title='bbox 359 3029 435 3067; x_wconf 86' lang='lat' dir='ltr'>quae</span> <span class='ocrx_word' id='word_1_600' title='bbox 454 3019 622 3067; x_wconf 68' lang='lat' dir='ltr'>praediffis</span> <span class='ocrx_word' id='word_1_601' title='bbox 637 3020 732 3067; x_wconf 89' lang='lat' dir='ltr'>aquis</span> <span class='ocrx_word' id='word_1_602' title='bbox 752 3020 902 3056; x_wconf 84' lang='lat' dir='ltr'>admixta</span> <span class='ocrx_word' id='word_1_603' title='bbox 922 3021 1006 3056; x_wconf 88' lang='lat' dir='ltr'>sunt.</span> <span class='ocrx_word' id='word_1_604' title='bbox 1080 3021 1190 3069; x_wconf 87' lang='lat' dir='ltr'>Qod</span> <span class='ocrx_word' id='word_1_605' title='bbox 1218 3022 1303 3056; x_wconf 82' lang='lat' dir='ltr'>vero</span> <span class='ocrx_word' id='word_1_606' title='bbox 1336 3022 1577 3057; x_wconf 76' lang='lat' dir='ltr'>circumfertur</span> <span class='ocrx_word' id='word_1_607' title='bbox 1603 3023 1648 3057; x_wconf 93' lang='lat' dir='ltr'>de</span> <span class='ocrx_word' id='word_1_608' title='bbox 1679 3023 1758 3057; x_wconf 80' lang='lat' dir='ltr'>son-</span> 
     </span>
     <span class='ocr_line' id='line_1_51' title="bbox 56 3066 1758 3155; baseline 0.001 -52"><span class='ocrx_word' id='word_1_609' title='bbox 56 3073 94 3103; x_wconf 79' lang='lat' dir='ltr'>te</span> <span class='ocrx_word' id='word_1_610' title='bbox 114 3068 206 3117; x_wconf 80' lang='lat' dir='ltr'>apud</span> <span class='ocrx_word' id='word_1_611' title='bbox 228 3067 476 3110; x_wconf 82' lang='lat' dir='ltr'>Garamantas,</span> <span class='ocrx_word' id='word_1_612' title='bbox 495 3066 595 3116; x_wconf 87' lang='lat' dir='ltr'>cujus</span> <span class='ocrx_word' id='word_1_613' title='bbox 607 3078 703 3117; x_wconf 85' lang='lat' dir='ltr'>aquae</span> <span class='ocrx_word' id='word_1_614' title='bbox 718 3067 828 3106; x_wconf 63' lang='lat' dir='ltr'>nostu</span> <span class='ocrx_word' id='word_1_615' title='bbox 848 3066 1055 3155; x_wconf 58' lang='lat' dir='ltr'>calidiffimssz</span> <span class='ocrx_word' id='word_1_616' title='bbox 1065 3069 1151 3153; x_wconf 56' lang='lat' dir='ltr'>gunt</span> <span class='ocrx_word' id='word_1_617' title='bbox 1163 3092 1174 3112; x_wconf 92' lang='lat'>,</span> <span class='ocrx_word' id='word_1_618' title='bbox 1188 3071 1233 3106; x_wconf 89' lang='lat' dir='ltr'>de</span> <span class='ocrx_word' id='word_1_619' title='bbox 1252 3069 1397 3106; x_wconf 87' lang='lat' dir='ltr'>meridie</span> <span class='ocrx_word' id='word_1_620' title='bbox 1413 3070 1497 3107; x_wconf 78' lang='lat' dir='ltr'>vero</span> <span class='ocrx_word' id='word_1_621' title='bbox 1521 3068 1758 3121; x_wconf 78' lang='lat' dir='ltr'>frigidiffimae,</span> 
     </span>
     <span class='ocr_line' id='line_1_52' title="bbox 1099 3119 1758 3164; baseline 0.002 -12"><span class='ocrx_word' id='word_1_622' title='bbox 1099 3129 1113 3164; x_wconf 84' lang='lat'><em>3</em></span> <span class='ocrx_word' id='word_1_623' title='bbox 1709 3119 1758 3153; x_wconf 78' lang='lat' dir='ltr'>fa-</span> 
     </span>
    </p>
   </div>
  </div>
 </body>
</html>
