2087 3610
347 246 445 299 226
1003 254 1365 331 Meteorologia

346 330 617 379 pseudopolitica
629 332 788 382 injustitia
803 361 814 379 ‚
828 336 865 373 ὃ(
879 337 1007 375 virium
1021 341 1252 380 humanarum
1266 343 1394 384 fiducia
1406 337 1620 385 imbecillitas
1629 350 1695 392 est,
1708 352 1732 389 (ἰ
1748 365 1822 392 non
1834 355 1995 392 Numine
2007 353 2058 392 su-

346 378 523 416 stentetur.
573 382 673 420 AEnei
688 383 822 427 lacerti,
836 385 872 421 &
887 386 1148 437 impenetrabile
1161 393 1282 440 peetus
1296 417 1306 434 2
1319 393 1430 432 flemis
1445 395 1615 434 fortitudo
1631 397 1724 442 sunt,
1738 402 1828 440 facili
1843 406 1958 439 afflatu
1980 404 2062 440 dila·

348 427 487 465 buntur.
538 430 637 467 Nihil
650 434 736 482 agit,
749 435 808 482 qui
819 434 889 485 agit
902 434 1022 475 omnia
1029 438 1097 476 sine
1106 441 1207 478 Deo:
1221 441 1311 479 male
1327 443 1436 487 cedit,
1449 446 1509 482 ubi
1519 448 1617 485 Deus
1624 447 1761 498 adjutor
1774 463 1849 490 non
1862 452 2060 499 accedit3&

591 505 655 544 66.

422 1107 452 1306 ν

332 2241 358 2278 fi
373 2241 442 2279 fine
453 2243 512 2279 illo
528 2246 571 2280 ad
585 2254 709 2281 votum
724 2244 874 2283 succedit
888 2271 900 2288 ,
917 2249 1007 2284 male
1023 2258 1139 2286 tamen
1156 2252 1266 2293 cedit,
1281 2252 1360 2300 quia
1368 2265 1474 2290 nemo
1483 2255 1685 2293 beneaDeo
1697 2258 1838 2295 recedit.
1888 2255 2065 2298 Primum
2080 2279 2082 2283 ³

334 2291 483 2327 fulcrum
503 2292 557 2328 iile
571 2294 634 2334 est,
650 2306 721 2342 quo
736 2296 866 2331 coelum
882 2297 918 2333 <Sc
932 2307 1019 2332 terra
1031 2298 1227 2335 firmantur:
1242 2303 1424 2349 quomodo
1439 2303 1552 2344 stabit,
1567 2306 1625 2352 qui
1638 2307 1704 2341 hac
1718 2307 1781 2343 bafi
1794 2320 1868 2344 non
1883 2309 2040 2347 subfistit?
2073 2324 2079 2346 '1

334 2340 417 2374 Sine
426 2341 505 2376 Sole
519 2341 608 2377 stella
621 2344 840 2380 tenebrescit:
855 2345 923 2380 [ine
939 2346 1023 2381 mari
1040 2346 1181 2384 flumina
1196 2348 1361 2385 ficcantur
1375 2365 1383 2386 :
1404 2351 1472 2387 fine
1489 2352 1573 2387 Nilo
1588 2354 1755 2402 AEgyptus
1771 2357 1954 2393 exarescit:
1973 2358 2041 2394 fine'
2071 2374 2078 2392 v1

334 2389 547 2435 ponderibus
561 2391 786 2439 horologium
803 2393 954 2431 otiatur:
972 2395 1041 2429 fine
1055 2395 1186 2432 lumine
1201 2409 1272 2432 nox
1285 2410 1353 2433 una
1369 2399 1416 2434 est
1431 2402 1580 2435 mundus
1595 2415 1603 2435 :
1620 2406 1686 2437 {ine
1699 2414 1805 2439 vento
1824 2405 1984 2442 triremes
2002 2405 2040 2442 Ιί-
2059 2416 2071 2450 j'

333 2436 483 2472 stuntur:
500 2438 585 2474 Haec
603 2440 720 2475 omnia
735 2441 869 2476 homini
879 2443 974 2479 Deus
985 2442 1049 2483 est,
1065 2443 1134 2479 fine
1143 2456 1214 2492 quo
1226 2447 1337 2481 homo
1347 2447 1392 2482 est
1402 2448 1505 2493 nihil;
1518 2449 1552 2484 ὅ(
1562 2449 1582 2483 fi
1592 2460 1699 2486 tentet
1707 2453 1841 2494 onmia,
1857 2453 2039 2502 assequitur
2058 2455 2060 2497 J

333 2485 419 2519 nihil
428 2507 439 2525 ‚
455 2486 533 2533 quia
543 2486 610 2522 fine
621 2499 664 2522 eo
672 2487 736 2527 est,
752 2490 810 2536 qui
826 2489 915 2525 solus
925 2490 972 2525 est
979 2491 1118 2538 aliquid.
1169 2493 1293 2529 Austro
1302 2493 1404 2531 flante
1417 2499 1679 2534 moveturnavis
1692 2513 1703 2534 ι
1716 2500 1891 2538 Austriaca
1900 2503 2036 2539 Domus
2057 2523 2058 2526 ¹

332 2532 498 2580 aspirante
508 2535 574 2569 Dei
589 2535 717 2570 auxilio
726 2537 887 2584 proveEia
904 2538 1087 2580 haetenus,
1102 2543 1483 2591 proveheturamplius,
1501 2546 1577 2592 quia
1588 2546 1792 2583 Ferdinandi
1802 2550 1831 2594 J·
1847 2550 1984 2587 Caessrris
1997 2544 2038 2587 fi·
2054 2562 2057 2591 ι

332 2581 435 2618 όυςίἔι
449 2582 595 2620 velificat
611 2583 716 2629 Chrtflo
729 2585 812 2621 duce.
873 2586 960 2622 Haec
974 2586 1099 2624 fiducia
1113 2588 1161 2624 est
1173 2590 1375 2632 Austriacis,
1390 2593 1456 2629 hac
1471 2594 1818 2642 navigatAustriacuS.
2052 2593 2056 2655 j

875 2683 1405 2767 QUAESTIO
1456 2689 1559 2754 lv.

476 2788 715 2859 Defhno,
739 2787 838 2842 loco
851 2828 868 2849 ‚
887 2806 1096 2864 tempore
1113 2828 1130 2849 ,
1150 2793 1483 2864 magnitudine
1496 2833 1510 2859 ‚
1535 2797 1603 2858 &⁴
1620 2793 1876 2849 duratione

1057 2890 1365 2929 terraemotus.

458 2965 625 3003 Onclufio
640 2968 759 3015 prima.
783 2967 1101 3016 Sonus&mugitus
1116 2979 1332 3005 terraemotus
1346 2970 1575 3016 prodromiex
1582 2974 1781 3010 vehementi
1788 2976 1961 3013 variorum
1969 2975 2028 3026 spii

461 3016 590 3050 rituum
599 3015 858 3052 conflittatione
872 3017 1046 3056 oriuntur,
1062 3029 1134 3053 non
1150 3018 1243 3053 secus
1252 3031 1290 3054 ac
1305 3018 1537 3055 exhalationes
1552 3021 1698 3056 nubium
1708 3034 1793 3059 cavo
1803 3023 1935 3065 olausae,
1945 3026 2025 3069 dum

463 3063 594 3098 exitum
609 3075 796 3110 quaerentes
811 3065 877 3099 hac
886 3064 1030 3112 illacque
1037 3067 1166 3100 nubem
1174 3067 1370 3107 verberant,
1380 3066 1500 3102 sonum
1509 3068 1648 3104 faciunt.
1700 3070 1833 3106 Comes
1842 3073 1899 3109 hic
1907 3073 2023 3119 indiffi-

327 3109 380 3146 sus
394 3109 441 3145 est
459 3120 692 3152 terraemotus,
705 3113 788 3147 cum
803 3112 896 3148 enim
912 3113 1013 3147 sonus
1029 3111 1166 3148 resultet
1180 3126 1222 3149 ex
1236 3113 1352 3150 collisu
1368 3126 1572 3162 corporum,
1589 3117 1645 3152 ille
1660 3128 1778 3154 autem
1795 3118 1852 3155 fiat
1863 3132 1909 3163 ex
1923 3121 2020 3170 vehfe-

321 3158 436 3194 menti
450 3158 580 3206 spiritus
595 3159 685 3195 intus
705 3161 821 3196 inclufi
835 3160 1050 3208 repercussu,
1080 3161 1295 3209 consequens
1310 3162 1357 3197 est
1371 3185 1382 3203 ‚
1403 3173 1440 3198 ut
1459 3163 1566 3210 ipsum
1588 3165 1706 3213 aliquis
1733 3166 1836 3202 sonus
1857 3167 2026 3217 perpetui&

325 3207 521 3245 comitetur.
539 3207 612 3259 Qi
621 3208 762 3257 quidem
771 3231 781 3253 2
790 3218 827 3245 ut
833 3209 930 3251 Arist,
937 3221 968 3248 2.
977 3209 1129 3246 Meteor.
1137 3220 1203 3257 c.7.
1211 3210 1321 3254 tradit,
1328 3210 1452 3259 pariter
1459 3223 1540 3249 cum
1548 3222 1644 3249 terrae
1653 3215 1813 3253 motione
1820 3214 2021 3301 fit‚licetipsg

1972 3275 1995 3300 o
