2087 3610
609 218 1177 294 Philosophico-Politica.
1651 232 1745 287 145

31 313 176 353 rentiam
189 335 200 354 ,
222 309 245 347 fi
265 309 424 348 moribus
445 307 585 357 pondus
603 310 742 347 addant.
793 309 882 343 Sunt
896 330 906 348 ‚
923 307 982 354 qui
997 315 1168 342 autumno
1188 312 1335 339 vernant
1349 300 1453 338 flores
1466 301 1533 343 ,ὃς
1552 301 1691 353 vespere
1705 316 1745 340 o·

35 365 157 400 dorem
171 362 334 410 spargunt.
386 357 553 393 senectus
568 357 623 393 illa
637 359 810 393 honorata
822 356 869 390 est
881 378 891 395 ,
907 366 983 403 quae
999 354 1130 402 quanto
1147 353 1273 388 viribus
1289 353 1473 398 nervisque
1490 351 1607 387 deficit
1621 375 1631 392 ,
1646 362 1744 388 tanto

34 413 161 450 virtute
169 407 363 457 repullulat,
379 407 414 442 ὅ(
424 405 609 443 revirescit.
662 403 933 440 ldconfiliiame
943 405 1054 451 capias
1064 401 1220 438 Politice.
1271 401 1358 436 Non
1368 401 1402 434 in
1417 411 1589 434 annorum
1603 402 1744 436 maturi·

34 470 140 497 tatem
154 456 278 494 studius
293 456 460 491 virtutum
477 453 578 490 differ
590 474 600 491 ,
623 453 659 488 in
672 464 754 489 vere
768 462 935 487 autumna
946 474 957 491 ,
973 453 1126 498 hyberna
1134 450 1173 494 ¹in
1189 447 1310 486 aestate.
1362 448 1449 483 Non
1463 448 1745 494 deluntJuvenes
1757 467 1848 500 esces·
1856 465 1893 501 dt

35 514 69 544 ᾗ,
83 506 183 556 quitus
196 503 230 550 est
247 505 372 549 se‘neflus
386 502 559 536 venerabilis
572 515 710 541 marum,
724 501 840 546 &samu
852 500 1019 548 prudentia.
1086 499 1162 546 Jam
1175 498 1218 540 kin
1241 496 1339 533 cunis
1359 496 1525 531 maturuit
1549 507 1613 550 pro
1637 496 1852 558 vitto-stne&-

35 558 85 594 ria
94 553 254 593 Hercules
267 574 278 592 ,
293 552 328 587 &
340 550 530 587 Herculem
544 551 579 586 in
593 560 757 599 praetexta
765 548 878 596 Cyrus
895 548 975 597 egit.
1027 546 1192 583 Nolcitur
1209 556 1250 581 ex
1264 556 1382 594 ungue
1398 542 1474 579 Leo
1488 566 1499 584 ,
1517 543 1553 580 ὅ(
1568 555 1602 578 in
1617 552 1744 597 teneris

36 604 158 655 plumis
166 601 239 638 suos
247 602 289 635 ad
298 600 386 635 Solis
401 601 565 635 obtutum
581 599 705 634 oculos
712 597 832 645 aquilae
841 596 924 644 pulli
941 595 1125 631 ostentant.
1174 593 1262 629 Tam
1277 593 1388 642 gravis
1402 592 1533 628 levibus
1542 591 1576 627 in
1585 593 1683 647 annis
1685 604 1743 639 Ju-

35 653 131 691 venis
139 649 217 698 saepe
229 647 613 687 estanimus,utadultis
625 645 750 682 officiis
763 644 915 682 sufficiat.
940 642 1104 691 Exempla
1114 643 1283 687 doceant3
1297 652 1429 676 annum
1443 651 1549 689 agens
1565 641 1742 676 decimum
1755 656 1911 693 Sumam

37 701 75 738 ἀ
88 699 108 737 s
141 697 376 744 timumJulius
393 695 505 732 Caesar
518 696 658 731 flamen
674 693 769 730 dialis
778 692 963 729 destinatus
981 692 1044 732 est,
1054 690 1213 739 jamtum
1223 690 1356 738 sceptro
1368 698 1533 727 maturus.
1585 687 1680 724 ouo
1693 688 1741 723 su·
1755 704 1825 738 The.
1840 705 1859 739 l·
1873 717 1911 746 13·

62 761 98 786 ra
133 757 225 783 ecem
234 744 301 782 Cn.
317 740 522 792 Pompejus,
537 755 667 779 novem
683 742 719 779 &
734 743 859 778 decem
869 740 1082 777 Odavianus
1098 750 1210 774 annos
1218 748 1466 791 numerarunt„
1476 736 1512 773 ὅ(
1525 737 1635 773 civilia
1656 736 1744 773 bella
1754 753 1856 788 annal.

54 797 293 845 nduperatores
302 792 540 828 sustinuerunt.
592 791 929 828 Caulantiannarum
939 788 1145 825 tenuitatem
1159 787 1293 836 populo
1306 809 1317 827 ,
1337 785 1393 822 vel
1407 786 1652 834 relpondendo
1669 797 1741 820 ma.-

37 854 150 882 turum
165 842 196 878 se
209 842 365 890 probavit
374 841 488 889 Scipio
497 840 700 878 Afficanus:
715 840 750 874 St
761 852 812 874 vos
825 849 934 872 atatem
948 850 1051 871 meam
1062 834 1217 870 honoribus
1231 833 1354 880 antetflh
1368 856 1380 875 ‚
1398 835 1435 871 ὠ·
1450 844 1495 883 ego
1510 833 1628 868 honores
1643 833 1748 879 vestros

36 890 267 940 umpaff.
316 889 514 925 Alexander
520 889 667 924 Severus
676 888 868 923 admodum
878 885 928 921 Pu
934 886 1131 921 eraSenatu
1142 882 1252 921 Caesar
1260 883 1387 928 faetu83
1399 882 1598 918 Gordianus
1610 884 1744 935 unden-
1756 887 1874 924 Livius.

38 939 259 987 nissceptrum
267 937 427 986 gestavit,
441 937 532 974 Otto
547 937 668 973 tertius
686 935 940 971 indeMirabilis
950 934 1078 973 dictus,
1093 934 1173 981 quia
1187 932 1373 980 inpueritia
1389 942 1452 979 pro
1471 930 1604 979 sceptro
1615 931 1744 979 [apien-

37 989 85 1027 tin
96 996 218 1026 murt.
265 986 390 1023 Anido
399 986 532 1034 sceptro
546 984 736 1022 affuescunt
743 983 896 1032 Aquilae,
912 983 1095 1018 fulminare
1109 980 1262 1023 discunt,
1277 978 1437 1018 &Solem
1447 988 1594 1029 portare.
1757 989 1915 1039 Lampsa·

558 1127 1089 1221 QUAESTIO
1140 1131 1245 1198 iv.

357 1244 398 1295 S
400 1237 566 1316 atisfit
588 1244 760 1293 variis
788 1235 938 1288 adhuc
961 1237 1167 1309 quaesitis
1196 1232 1252 1286 de
1275 1239 1411 1290 nive.

160 1378 278 1415 uaeres
295 1377 420 1426 primo.
471 1374 547 1413 Cur
569 1375 604 1411 in
620 1374 696 1413 altis
706 1378 884 1416 montibus
894 1378 1171 1418 nixinveniatur‚
1188 1379 1269 1416 cum
1280 1378 1373 1416 nulla
1383 1378 1461 1416 fitin
1470 1378 1626 1429 planitie,
1641 1378 1697 1417 vel
1713 1378 1750 1416 in

165 1428 328 1464 vallibus?
347 1425 554 1472 Respondeo
571 1438 580 1460 ε
598 1425 632 1460 id
650 1425 872 1476 lieripropter
888 1427 1064 1464 descetum
1082 1428 1205 1464 caloris
1220 1451 1230 1468 ,
1246 1430 1380 1478 contin&
1395 1429 1430 1464 ui
1445 1429 1538 1464 enim
1557 1429 1633 1465 sunt
1647 1440 1750 1464 mon·

166 1478 255 1514 tium
269 1475 416 1512 vertices
427 1473 549 1510 mcdiae
568 1475 654 1508 aeris
663 1477 796 1525 regioni
806 1499 817 1516 ,
831 1476 867 1513 ὅ(
884 1476 1067 1524 propterea
1082 1477 1257 1525 perpetuis
1267 1477 1383 1526 frigori
1412 1488 1451 1512 us
1471 1478 1610 1513 horrida
1627 1479 1702 1513 lunt
1710 1487 1751 1513 ea

31 1531 124 1572 loca,
139 1537 216 1578 quae
229 1523 325 1561 causa
334 1523 397 1563 est,
414 1523 659 1570 quodmontes
675 1524 826 1571 Scythici
852 1534 1018 1573 perpetua
1040 1534 1075 1559 te
1100 1535 1202 1560 antur
1222 1526 1313 1560 nive.
1364 1527 1515 1561 Accedit
1528 1548 1538 1566 ,
1562 1527 1659 1574 quod
1681 1525 1749 1562 alta

31 1572 245 1622 montiumju
271 1568 924 1621 amagisperflenturventis;&tametli
942 1572 1077 1608 editiori
1105 1573 1239 1609 uslocis
1251 1572 1624 1621 suaquoquelolarium
1634 1574 1750 1610 radio-

34 1626 234 1666 ruminfitre
261 1621 358 1656 exio:
372 1630 490 1655 tamen
506 1630 588 1654 cum
603 1621 779 1656 montium
792 1621 894 1657 latera
909 1621 991 1656 hinc
1007 1621 1132 1656 indein
1146 1621 1360 1670 profundum
1385 1623 1568 1672 cingantur
1589 1626 1690 1663 aere,
1712 1623 1749 1659 in

34 1677 154 1727 quibus
163 1671 294 1710 ealucis
302 1668 491 1718 geminatio
500 1669 780 1704 reverberatione
793 1669 937 1704 minima
947 1668 1002 1709 fit,
1017 1671 1110 1705 haud
1127 1670 1232 1705 dubie
1248 1671 1364 1705 minus
1382 1671 1593 1707 incalescunt
1607 1680 1748 1706 montes

35 1719 349 1771 circumjacentium
359 1715 525 1752 Polorum
540 1716 663 1757 radiis,
678 1718 782 1765 quam
790 1717 894 1754 valles
909 1717 945 1753 ὅ(
957 1715 1101 1766 depresli
1115 1728 1283 1754 terrarum
1298 1719 1436 1755 tractus.
1486 1720 1567 1755 Nec
1583 1718 1750 1755 audiendi

35 1768 293 1813 suntnonnulli;
306 1766 364 1815 qui
380 1768 619 1805 contendunt,
634 1766 810 1802 montium
821 1767 1001 1802 cacumina
1008 1766 1172 1802 calidiora
1181 1766 1248 1803 effe
1256 1768 1400 1808 debere,
1411 1779 1482 1816 quo
1499 1767 1751 1816 propinquiora

32 1821 101 1859 Soli
116 1822 200 1857 lunt.
249 1817 343 1852 Nam
352 1823 596 1862 praeterquam,
612 1815 709 1861 quod
730 1815 941 1863 experientia
950 1816 1161 1850 contrarium
1178 1817 1321 1857 doceat,
1337 1817 1425 1852 ratio
1441 1815 1537 1851 allata
1554 1816 1680 1852 irivola
1698 1815 1758 1857 est,

57 1870 110 1907 uia
123 1866 288 1906 celsitudo
297 1863 474 1899 montium
490 1873 610 1909 parum
621 1865 792 1898 momenti
807 1864 913 1898 habet
926 1863 970 1898 acl
984 1864 1297 1912 propinquitatem,
1316 1866 1396 1900 cum
1413 1875 1507 1900 tanta
1523 1874 1622 1900 terrae
1641 1864 1755 1901 moles

48 1929 72 1955 ,t
84 1917 170 1966 quasi
188 1912 357 1965 punctum
372 1934 383 1952 ,
400 1911 536 1959 paribus
549 1910 621 1946 fere'
634 1911 816 1947 intervallis
826 1910 947 1947 acoelo
968 1912 1099 1950 distans,
1152 1912 1281 1948 Mirum
1291 1913 1337 1948 est
1346 1937 1355 1952 ,
1364 1915 1460 1961 quod
1471 1913 1574 1948 refert
1583 1912 1751 1949 Fournier

37 1965 231 2015 Geograph.
241 1963 316 1999 orb.
325 1969 399 1996 not.
409 1959 466 1997 lib.
475 1969 499 1994 1.
510 1970 539 1994 c.
550 1970 584 1996 n.
602 1960 647 1995 de
656 1958 768 1996 Hccla
775 1969 902 1995 monte
910 1982 921 2000 ,
936 1961 1033 2008 quod
1042 1970 1161 1995 vertex
1171 1958 1273 2007 hujus
1283 1963 1412 1996 montis
1422 1960 1595 2017 perpetuis
1604 1959 1749 1999 albescat

35 2015 164 2052 ulvibus
172 2037 183 2055 ,
196 2013 327 2048 radices
335 2007 418 2045 vero
428 2007 603 2043 continuis
610 2008 752 2044 ardeant
765 2007 952 2047 incendiis,
962 2009 1006 2044 ita
1015 2019 1052 2044 ut
1065 2010 1207 2056 propius
1217 2008 1270 2044 sex
1279 2009 1476 2045 milliaribus
1485 2010 1628 2058 impune
1638 2021 1746 2046 nemo

39 2065 202 2100 accedere
217 2068 332 2110 queat.
383 2054 762 2093 SimiliterinTrinacrii
775 2057 904 2092 montis
911 2055 1022 2092 AEtnae
1032 2058 1213 2092 cacumine
1229 2058 1325 2093 nives
1342 2058 1446 2093 illaesae
1457 2058 1750 2106 permanent3s1c·

36 2109 103 2161 que
111 2108 351 2149 novitvastum
368 2104 451 2141 illud
459 2104 661 2140 incendium
677 2105 735 2141 sub
750 2104 886 2142 nivibus
903 2107 1032 2141 lervare
1047 2104 1171 2147 fidem,
1185 2105 1219 2142 ἀ
1230 2117 1266 2143 ut
1274 2104 1384 2143 Poeta
1393 2108 1503 2144 canit:

280 2169 400 2209 Lambt‘t
413 2175 558 2220 contiguas
573 2173 697 2203 innoxia
705 2168 838 2218 flamma
852 2173 985 2217 pruinas.

37 2231 243 2269 lnTenerisa
251 2231 379 2273 Insula,
393 2242 469 2280 quae
484 2242 553 2267 una
568 2229 616 2266 est
637 2240 681 2266 ex
693 2232 1041 2269 fortunar13,montem
1051 2228 1118 2267 else
1134 2229 1247 2268 scribit
1262 2230 1443 2269 Cardanus
1456 2231 1500 2271 de
1512 2232 1630 2270 variet.
1651 2233 1709 2274 lib.
1724 2246 1751 2273 ῐ.

37 2292 67 2318 c.
80 2293 116 2327 4.
133 2281 191 2328 qui
206 2277 381 2317 altiffimus
393 2290 497 2328 caput
509 2278 600 2314 inter
613 2277 730 2314 nubila
746 2278 886 2322 condit3
900 2278 933 2313 in
949 2278 1061 2326 primo
1069 2289 1185 2316 autem
1195 2281 1297 2321 viret,
1311 2281 1346 2318 in
1354 2282 1473 2317 medio
1488 2283 1628 2319 nivosus
1641 2285 1705 2326 est,
1714 2285 1751 2322 in

35 2329 215 2366 cacumine
223 2328 360 2364 fumum
371 2329 516 2368 emittit,
530 2327 664 2363 causam
679 2325 808 2364 subditt
823 2323 1011 2363 Altislimus
1021 2328 1113 2364 enim
1123 2330 1204 2365 cum
1214 2329 1266 2370 lit,
1280 2329 1316 2366 &
1332 2329 1432 2366 latior
1445 2331 1480 2366 in
1493 2331 1630 2372 medio,
1644 2334 1750 2381 quam

36 2378 240 2422 cacumine;
256 2376 426 2413 exhalatio
440 2374 681 2425 perluperiora
696 2375 821 2416 fertur,
836 2386 910 2410 non
925 2375 959 2410 in
974 2376 1130 2413 medium
1143 2400 1154 2418 ,
1177 2377 1258 2425 quia
1272 2377 1378 2414 latera
1391 2379 1409 2414 a
1424 2388 1546 2415 centro
1562 2379 1752 2427 plurimum

37 2425 158 2481 distant
170 2448 180 2467 ,
204 2437 319 2475 neque
334 2426 527 2475 perforatus
542 2423 642 2460 estin
654 2435 695 2460 ea
709 2434 817 2474 parte.
868 2423 1011 2461 Humor
1030 2435 1149 2463 autem
1168 2423 1326 2462 defluens
1346 2427 1498 2463 radicem
1512 2427 1685 2466 virentem
1705 2429 1756 2467 fa.

41 2484 98 2510 cit.

133 2520 266 2559 Contra
277 2531 394 2558 autem
401 2521 576 2571 Regiones
586 2519 621 2557 ὃ(
630 2520 731 2557 urbes
739 2519 862 2557 Austro
871 2518 1015 2568 obje&ae
1028 2532 1105 2558 raro
1114 2521 1230 2559 nivem
1242 2522 1409 2564 lentiunt,
1422 2531 1463 2560 ut
1469 2522 1601 2566 Roma,
1614 2523 1752 2567 Genua,

42 2569 215 2619 Neapolis.
265 2571 393 2605 Eadem
402 2582 546 2618 quoque
562 2569 608 2604 est
624 2569 721 2605 causa
734 2593 744 2609 ,
760 2571 857 2618 quod
871 2569 1045 2606 interdum
1060 2572 1103 2607 ad
1120 2572 1252 2607 radices
1265 2572 1442 2608 montium
1456 2595 1468 2614 ,
1485 2572 1542 2609 seu
1562 2573 1598 2609 in
1609 2572 1753 2610 vallibus

41 2617 133 2668 pluet
145 2641 156 2659 ,
174 2619 208 2654 in
222 2619 403 2654 montibus
416 2628 532 2655 autern
548 2618 684 2667 ningat,
700 2618 779 2666 quia
791 2618 850 2653 nix
863 2640 873 2658 ,
892 2629 968 2666 quae
983 2618 1031 2654 est
1042 2630 1115 2655 rara
1129 2642 1139 2661 ,
1154 2620 1173 2655 a
1186 2620 1365 2668 tepiditate
1378 2620 1464 2656 aeris
1477 2620 1648 2658 inferioris
1662 2622 1753 2659 inter

41 2666 235 2703 descensum
255 2666 422 2716 eliquatur
433 2667 469 2702 in
478 2667 627 2715 pluviam
638 2679 649 2712 3
664 2666 705 2701 in'
714 2667 893 2702 montibus
903 2669 986 2702 vero
996 2666 1070 2702 altis
1078 2674 1136 2704 aer
1150 2667 1196 2703 est
1204 2667 1378 2718 frigidior,
1392 2678 1431 2704 ut
1445 2668 1504 2705 nix
1519 2668 1660 2717 eliquari
1673 2682 1751 2708 non

41 2711 149 2762 poslir.
198 2714 293 2752 Hinc
310 2715 412 2751 ctiam
420 2714 550 2751 Plinius
564 2714 704 2750 testatur
718 2713 775 2750 lib.
790 2727 821 2750 2.
835 2726 939 2761 c.103.
953 2726 1133 2764 nunquam
1148 2716 1185 2752 in
1198 2716 1268 2753 alto
1283 2717 1369 2754 mari
1382 2717 1543 2767 ningere,
1559 2718 1656 2766 quod
1671 2718 1751 2756 cali-

45 2762 154 2798 diores
167 2763 418 2804 exhalationes,
435 2774 511 2799 eam
525 2763 619 2811 prius
634 2762 864 2811 liquefaciant.

135 2811 275 2860 Qaeres
284 2810 448 2848 secundo.
497 2811 618 2859 Qare
626 2812 710 2846 dum
720 2811 832 2868 ningit
843 2833 853 2852 ‚
867 2809 983 2846 mitius
999 2809 1231 2862 saevire‘frigus
1246 2811 1461 2855 observetur,
1477 2812 1627 2850 maxime
1642 2812 1664 2850 fi
1676 2825 1751 2852 ma-

45 2869 149 2906 gnum
158 2882 169 2900 ,
183 2859 219 2897 &
234 2860 360 2896 siccum
373 2860 473 2896 antea
487 2857 711 2908 praecesserit?
725 2860 934 2908 Relpondeo
947 2881 958 2900 ,
972 2859 1144 2897 rationem
1163 2860 1248 2902 esse,
1262 2862 1306 2897 eo
1319 2885 1330 2902 ,
1345 2860 1442 2906 quod
1455 2863 1565 2898 nubes
1579 2862 1659 2899 nive
1666 2873 1751 2912 prae·

45 2917 184 2954 gnantes
197 2908 374 2945 conterent
387 2913 501 2944 a'e'rem
517 2917 614 2944 terrae
629 2906 783 2943 vicinum
798 2929 809 2947 ,
829 2907 866 2944 ὅ(
880 2907 1006 2943 halitus
1021 2908 1041 2944 ὃ
1059 2919 1147 2945 terra
1166 2920 1389 2958 erumpentes
1408 2910 1640 2958 repercutiant
1655 2924 1667 2957 ;
1694 2911 1753 2948 vel

45 2954 123 3002 quia
130 2955 212 2991 dum
225 2967 372 3005 vapores
387 2957 422 2992 in
440 2956 588 2992 secunda
602 2955 749 3005 regione
762 2956 847 2992 aeris
861 2955 1107 3005 congelantur,
1123 2957 1255 3005 spiritus
1270 2958 1451 2994 calidiores
1461 2959 1650 2994 extrudunt
1663 2981 1674 3000 ,
1690 2961 1752 3008 qui

41 3002 153 3051 relapli
167 3003 320 3041 nostrum
343 3010 458 3042 aerem
480 3004 695 3040 calefaciunt.
746 3004 843 3041 Hinc
863 3005 996 3053 quanto
1015 3005 1178 3042 intenlius
1192 3016 1312 3055 regnat
1326 3006 1433 3055 frigus
1448 3027 1459 3047 ,
1474 3007 1572 3042 tanto
1593 3007 1751 3044 minores

44 3052 169 3088 cadunt
184 3053 296 3094 nives,
309 3054 389 3102 quia
403 3053 509 3103 magis
522 3052 694 3089 exficcatae
708 3050 832 3100 majori
852 3053 997 3102 [rigore,
1012 3054 1128 3090 minus
1143 3054 1199 3090 fibi
1213 3055 1407 3094 cohaerent,
1423 3052 1459 3090 ὅ(
1474 3054 1553 3090 licet
1566 3054 1602 3090 in
1617 3055 1649 3091 se
1665 3056 1751 3092 invi-

43 3109 119 3135 cem
133 3100 237 3148 impin
264 3112 322 3137 ant
335 3124 345 3142 ,
358 3102 520 3151 frangunt
539 3102 571 3136 se
583 3102 700 3148 potius
713 3123 724 3141 ,
743 3101 847 3149 quam
867 3099 1068 3140 coalescant.
1119 3102 1154 3138 Si
1168 3113 1272 3150 quem
1294 3111 1411 3138 tamen
1433 3100 1562 3139 sensere
1580 3103 1752 3145 calorem,

43 3148 211 3186 continuo
226 3114 284 3187 ligbi
291 3150 457 3189 tenaciter
467 3150 663 3197 adhaerent3
676 3151 771 3187 unde
779 3148 818 3186 fit
829 3171 840 3192 ,
855 3159 894 3186 ut
907 3148 975 3198 pila
987 3151 1087 3189 nivea
1094 3162 1216 3200 pugno
1225 3150 1341 3190 minor
1348 3151 1507 3188 ementis
1514 3151 1645 3189 vertice
1654 3152 1750 3190 volvi

930 3197 966 3235 T
1641 3209 1751 3249 ωερε.
