2087 3610
621 240 979 311 Philosophico-
988 241 1193 292 Politica.
1670 255 1777 307 249
1789 271 1943 320 finam

58 328 102 355 tae
118 316 182 353 afri
199 316 377 365 expolitae,
392 314 659 352 subducentibus
674 317 706 353 se
720 318 823 353 tacite
841 315 1024 364 spiritibus,
1040 315 1273 351 evanescunt:
1287 313 1423 350 consilia
1439 313 1460 349 si
1475 315 1636 362 patuere,
1649 317 1720 350 vim
1736 328 1770 350 0-
1788 321 1925 353 Trache-

59 377 178 403 mnem
193 365 342 401 amitere.
396 366 564 399 Monetur
578 365 704 406 hostis,
721 376 759 401 ut
773 365 830 401 libi
847 365 1030 413 provideat
1043 386 1053 404 ,
1070 364 1089 398 fi
1105 365 1135 399 ei
1149 364 1307 411 proditur
1323 362 1502 399 confilium
1516 385 1526 402 ,
1544 373 1582 398 ut
1596 373 1710 410 aperte
1725 365 1756 397 vi
1790 373 1940 407 ria-uHar,

59 416 149 450 deat.
204 414 242 449 ln
261 414 396 448 sumum
411 413 540 447 abeunt
555 412 691 449 illustria
705 413 853 453 lumina,
868 412 925 448 nifi
941 413 1046 448 obvio
1060 421 1336 460 ventotegantur
1350 421 1360 448 z
1378 409 1770 459 illustrissimaregiorum
1786 427 1802 458 g,
1817 430 1839 455 3.
1853 419 1904 451 ode
1913 431 1941 452 2,

61 463 258 498 animorum
276 459 458 495 diElamina
477 460 546 494 line
560 460 671 497 fruelu
682 461 907 500 evanescunt,
923 471 998 508 quae
1013 459 1364 508 palaminnotescunt.
1415 459 1450 493 O
1491 468 1653 494 uotarma
1664 461 1697 493 in
1710 458 1771 494 flo-

58 522 96 546 re
111 509 287 549 stetissent,
302 508 337 544 ἃ
348 509 441 543 velut
450 508 649 545 convoluta*
665 511 698 546 in
710 511 844 545 nodum
853 508 934 543 rosa:
952 509 1090 544 succum
1103 507 1298 551 lervaslent,
1319 507 1340 542 li
1355 508 1451 542 nodo
1501 507 1602 542 ordio
1618 507 1707 542 labra
1723 519 1783 543 oc-

57 556 164 598 clusa,
181 557 218 594 ὅ(
234 558 432 592 animorum
452 555 541 592 senia
556 557 613 593 sub
631 560 703 593 rola
718 557 880 594 conte&a
895 555 1040 595 luissent.
1108 556 1193 591 Non
1212 555 1258 591 est
1272 579 1282 595 ,
1300 556 1396 603 quod
1414 555 1558 591 Momus
1572 554 1782 590 fenestellam

59 606 174 643 cordis
189 615 332 654 exoptet
347 619 356 640 :
375 606 496 653 sponte
512 616 650 652 patent,
671 618 748 653 quae
762 609 828 642 nec
843 606 964 653 optico
980 607 1065 640 tubo
1083 604 1336 651 comprehendi
1351 605 1530 639 deberent.
1585 602 1782 638 Grandiora

59 654 202 690 flumina
217 653 348 690 silentio
368 653 459 688 suam
477 654 608 691 servant
623 653 852 702 majestatem:
869 654 944 701 plus
960 654 994 688 in
1004 654 1126 688 orbem
1142 652 1173 687 se
1190 651 1362 687 diffundet
1370 651 1567 699 Principum
1576 651 1749 699 potentia,
1761 651 1782 685 li

58 703 165 739 tacito
174 704 262 750 pede
279 701 450 750 procedit.
502 702 632 738 Ranam
642 703 676 739 in
686 703 816 739 annulo
826 702 999 738 Mecaenas
1009 700 1170 750 gestavit,
1185 712 1259 736 non
1275 711 1316 735 ex
1326 700 1364 735 iis
1375 723 1385 740 ,
1399 697 1612 747 quaeassidue
1620 710 1767 734 coaxant
1777 723 1786 739 ,

59 750 116 787 led
130 762 207 800 quae
226 751 260 786 in
277 749 385 786 Insula
393 749 541 797 Seripho
558 762 729 798 perpetuo
744 761 870 789 tacent.
922 750 1004 785 Hoc
1017 748 1148 784 annulo
1162 749 1274 797 quivis
1282 748 1479 784 Alexander
1496 748 1594 788 suum
1603 747 1780 794 Ephellio-

60 812 141 835 nem
157 799 254 834 labris
270 798 405 848 figillet:
419 794 506 836 Tace.
557 800 606 835 Ut
619 800 870 836 videlicetcum
879 799 1097 846 Harpocrate
1105 797 1251 847 digitum
1267 797 1319 831 ori
1327 797 1529 836 admoveat,
1545 807 1611 831 nec
1625 796 1780 831 Anassar-

59 848 115 884 chi
131 847 252 902 pistillo
269 847 436 883 secretum
450 848 685 884 everberetur.
737 849 877 897 Equites
894 847 988 882 aurei
1004 845 1137 882 velleris
1149 844 1341 882 Confiliarii
1356 844 1418 880 sint
1426 843 1627 893 Principum
1639 866 1650 885 ,
1667 845 1723 880 sed
1737 842 1783 878 illi

63 895 258 946 Luhgniani
266 895 474 936 Galliarum,
490 894 680 934 litteratus.
696 907 823 945 torque
837 895 1024 945 pendulam
1039 904 1202 944 gerentes
1223 908 1232 929 ι
1252 895 1416 929 διῖιηιὴιηι.

1375 987 1383 1002 l

588 1011 830 1096 QUAE
850 1012 890 1078 s
908 1011 1017 1077 TI
1039 1009 1108 1076 O
1175 1009 1243 1074 11.

406 1113 487 1167 De
495 1109 657 1183 succis
679 1116 887 1173 Tem,
909 1116 978 1177 ες
1001 1119 1054 1165 m
1062 1113 1219 1188 spect-e
1240 1109 1292 1163 de
1308 1109 1430 1184 sale.

176 1237 336 1286 Xplicata
348 1245 468 1272 natura
484 1247 673 1284 corporum
684 1233 846 1272 soffilium
858 1235 894 1272 ὅ(
904 1236 1157 1273 metallicorum
1169 1235 1203 1272 in
1213 1245 1343 1283 genere
1351 1257 1362 1275 ,
1370 1235 1412 1269 ad
1421 1231 1633 1281 particularia
1644 1232 1784 1268 descen-

182 1284 298 1322 dimus
306 1287 348 1321 ad
360 1285 490 1324 luccos,
498 1296 573 1332 quae
582 1286 708 1320 mediae
716 1285 805 1332 quali
815 1295 942 1320 naturae
953 1285 1027 1321 lunt
1036 1286 1124 1321 inter
1133 1283 1269 1320 metalla
1279 1282 1452 1330 &lapides
1461 1305 1470 1321 ,
1479 1283 1523 1316 de
1531 1282 1655 1328 quibus
1667 1281 1699 1315 in
1713 1282 1784 1316 lub-

185 1334 400 1384 sequentibus
415 1345 569 1381 agemus.
620 1334 706 1369 Hace
722 1345 868 1382 corpora
886 1332 1050 1381 pleraque
1065 1334 1141 1369 sunt
1156 1331 1297 1368 friabilia
1310 1354 1321 1372 ,
1335 1332 1406 1367 hoc
1420 1330 1468 1365 est
1478 1353 1488 1370 ‚
1504 1331 1537 1364 in
1546 1327 1785 1365 minutissimas

63 1395 177 1436 partes
192 1383 227 1420 ὅ(
245 1383 420 1430 pulverem
433 1386 503 1416 lere
517 1381 626 1431 redigi
635 1381 762 1418 valent.
814 1382 952 1417 Horum
970 1383 1032 1418 alia
1046 1381 1167 1431 liquari
1183 1379 1339 1430 possunt,
1358 1379 1421 1414 alia
1434 1390 1520 1414 vero
1529 1389 1603 1413 non
1619 1391 1630 1423 3
1646 1378 1784 1413 mollio·

64 1446 101 1470 ra
113 1435 229 1469 tamen
244 1432 334 1471 sunt,
349 1431 432 1466 utin
448 1430 577 1478 lapides
591 1431 821 1468 indurescant.
870 1430 974 1467 Primi
991 1431 1127 1480 generis
1145 1431 1222 1465 sunt
1237 1429 1326 1465 socci
1340 1428 1481 1476 quidam
1498 1427 1655 1463 concreti
1673 1426 1781 1461 veluti

67 1482 107 1518 sal
121 1502 131 1518 ,
154 1482 310 1518 bitumen
322 1502 333 1519 ,
347 1479 383 1514 ὅ(
399 1478 589 1517 vitriolum.
643 1479 795 1515 Secundi
810 1479 946 1528 generis
961 1478 1037 1515 sunt
1051 1479 1362 1528 auripigmentum,
1378 1475 1582 1512 sandaracha
1594 1497 1605 1515 ‚
1627 1474 1713 1514 calx,
1724 1487 1782 1523 gy-

65 1531 179 1579 plum,
193 1538 300 1566 creta,
314 1528 421 1562 ochra
436 1549 446 1566 ,
460 1526 575 1576 argilla
587 1550 598 1567 ‚
613 1537 702 1563 terra
723 1527 877 1577 tigillata,
890 1537 978 1563 terra
999 1528 1152 1564 armenia
1159 1532 1226 1563 otc.
1236 1527 1281 1561 de
1295 1525 1459 1561 omnibus
1468 1522 1666 1559 differemus
1676 1524 1789 1561 brevi·

66 1578 177 1619 ten&
190 1578 225 1612 in
240 1576 391 1625 praelenti
404 1575 547 1623 quidem
557 1575 757 1624 Qaessione
773 1577 816 1611 de
832 1576 906 1611 sale.

163 1624 351 1662 Conclulio
391 1625 486 1661 rima.
536 1624 589 1659 Sal
605 1624 651 1660 est
666 1636 793 1673 corpus
803 1624 1016 1661 metallicum
1026 1647 1036 1663 ,
1045 1623 1176 1660 friabile
1191 1635 1233 1658 ex
1248 1621 1349 1658 succo
1359 1621 1507 1657 humido
1517 1642 1526 1660 ,
1535 1631 1648 1667 aqueo
1659 1619 1694 1656 ὅ(
1703 1619 1786 1655 crasi

65 1674 100 1710 so
115 1685 229 1710 terreo
237 1636 558 1709 mixtisgcdecoffis
571 1673 740 1721 genitum.
791 1672 930 1708 Volunt
945 1673 998 1708 alii
1017 1672 1115 1708 salem
1135 1673 1154 1708 a
1169 1671 1318 1707 saliendo
1336 1670 1405 1706 dici
1420 1691 1431 1709 ,
1447 1670 1544 1716 quod
1559 1670 1595 1703 in
1614 1669 1693 1717 igne
1709 1668 1791 1703 exfi-

65 1723 142 1769 liat3
152 1721 212 1758 'alii
229 1721 330 1758 salem
340 1723 358 1756 a
369 1720 434 1755 1:1¹0
444 1720 558 1756 &sole
573 1730 738 1757 vocatum
754 1721 947 1757 existimant
957 1744 967 1762 ,
982 1721 1150 1768 quoniam
1166 1721 1261 1768 aquis
1274 1718 1377 1755 maris
1394 1718 1515 1765 sponte
1527 1717 1697 1765 gignitur,
1714 1722 1785 1764 lpu-

65 1771 170 1807 main
187 1770 348 1806 extremis
363 1769 535 1804 littoribus
545 1770 598 1804 vel
617 1769 949 1818 lcopulisdereliRa,
966 1769 1001 1806 ὅ(
1017 1769 1098 1805 Sole
1109 1767 1266 1805 decocta.
1316 1767 1412 1803 Hinc
1430 1765 1527 1802 causa
1546 1764 1699 1802 efficiens
1717 1765 1788 1800 {alis

65 1819 112 1856 est
125 1817 314 1856 calorSolis
323 1817 359 1854 ὅ(
376 1817 588 1866 reliquorum
599 1817 786 1859 astrorum,
801 1817 861 1866 qui
877 1829 919 1854 ex
933 1818 1073 1854 materia
1088 1817 1162 1853 salsa
1174 1827 1288 1865 partes
1296 1816 1491 1855 tenuiores,
1501 1812 1536 1849 ὅ(
1546 1814 1718 1850 dulciores
1727 1825 1785 1849 ex·

63 1869 222 1908 trahens,
236 1877 362 1903 terreas
379 1865 558 1913 relinquit,
574 1877 701 1914 easque
717 1877 955 1914 percoquens,
971 1866 1006 1902 6<
1021 1867 1130 1915 magis
1144 1872 1294 1901 adurens
1313 1863 1404 1899 salsas
1418 1863 1542 1900 reddit.
1594 1863 1675 1898 Duo
1689 1863 1783 1897 enirn

64 1918 107 1952 ad
124 1915 238 1951 salsum
254 1915 407 1963 saporem
423 1914 660 1962 requiruntur,
679 1925 791 1969 partes
806 1914 944 1951 ficcae&
959 1924 1096 1955 terreae,
1112 1914 1345 1951 &earundem
1355 1911 1500 1948 adustio.
1550 1911 1599 1946 Ex
1616 1911 1727 1959 primo
1749 1910 1786 1947 lit

66 1964 180 2013 sapor,
193 1975 236 2000 ex
245 1963 352 1999 altero
373 1961 468 1998 salsus
484 1961 589 2010 sapor.
641 1963 737 1999 Hinc
753 1974 897 1998 erronea
906 1962 952 1998 est
962 1962 1100 2000 illorum
1111 1962 1292 2001 sententia,
1307 1960 1367 2009 qui
1382 1959 1481 1995 salem
1492 1958 1781 2007 concrescerepu-

66 2015 157 2054 t'ant,
171 2022 211 2049 ut
243 2011 327 2047 eluit
340 2011 486 2065 frigore,
502 2012 702 2059 habereque
715 2011 912 2047 limilemilli
926 2012 1202 2061 generationem,
1251 2010 1284 2045 Si
1301 2009 1394 2045 enim
1412 2007 1453 2043 sal
1464 2008 1619 2054 arrigore
1628 2007 1784 2043 concres-

66 2071 181 2101 ceret,
194 2073 234 2097 ca
247 2071 310 2095 ore
324 2059 578 2100 dillolveretur,
593 2061 672 2108 quia
687 2058 990 2096 celebratissimum
1001 2059 1048 2096 est
1056 2061 1147 2108 apud
1157 2069 1282 2094 omnes
1290 2057 1473 2106 Phyficos,
1488 2056 1506 2090 a
1522 2057 1700 2093 contrariis
1720 2057 1782 2091 dis-

65 2109 146 2146 solvi
157 2121 230 2145 rem
245 2119 490 2156 quamcunque
503 2108 560 2148 iis,
574 2108 594 2144 ἐ
608 2108 733 2157 quibus
747 2108 928 2157 compaCh
942 2108 998 2146 est.
1045 2108 1121 2156 jam
1137 2119 1221 2143 vero
1233 2106 1271 2142 [al
1282 2108 1345 2141 are
1353 2104 1444 2141 nulla
1454 2105 1568 2140 minus
1580 2103 1780 2144 dilsolvitur,

67 2169 171 2206 quam
186 2157 336 2194 acalore.
365 2156 619 2192 Siccaturenim
628 2156 970 2206 magis&induratur
985 2158 1026 2194 ab
1035 2157 1132 2206 igue,
1142 2155 1332 2192 dissolvitur
1340 2165 1424 2189 vero
1432 2155 1473 2188 ab
1481 2163 1635 2200 aqua,ut
1643 2165 1704 2200 pro
1733 2164 1782 2189 tc-

65 2217 123 2245 rea
141 2207 161 2243 a
176 2205 362 2256 frigiditate
382 2216 456 2240 non
480 2205 743 2255 constringatur.
807 2205 952 2241 Materia
970 2205 1074 2254 igitur
1087 2205 1134 2241 est
1150 2204 1270 2240 succus
1285 2213 1416 2239 terreus
1429 2201 1567 2238 adustus
1589 2224 1601 2243 ι,
1616 2201 1652 2237 ἀ
1668 2212 1706 2237 ca
1722 2213 1784 2237 ore

66 2254 263 2291 exsiccatus.
278 2253 402 2289 Forma
416 2251 464 2288 est
471 2263 640 2301 vaporum
657 2253 903 2289 exficcatorum
915 2265 997 2290 cum
1013 2266 1101 2302 aqua
1115 2252 1316 2289 concoffio.

162 2301 353 2339 Conclusio
369 2301 527 2339 secunda.
577 2301 631 2338 Sal
645 2302 730 2337 alius
741 2301 788 2337 est
803 2302 983 2342 naturalis,
999 2302 1082 2337 alius
1095 2301 1290 2338 artificialis.
1342 2298 1443 2334 Illum
1460 2307 1581 2334 natura
1595 2297 1706 2347 gignit
1722 2320 1732 2337 ,
1748 2297 1784 2334 ὅ(

67 2351 195 2388 dicitur
205 2351 287 2388 alias
301 2347 435 2390 fossilis,
450 2350 495 2385 de
508 2361 580 2398 quo
593 2348 808 2398 potiffimum
823 2351 879 2386 hic
895 2352 1004 2386 lermo
1013 2350 1080 2395 est3
1095 2350 1192 2386 hunc
1201 2361 1251 2385 ars
1265 2348 1364 2387 facit,
1379 2347 1413 2382 ὅ(
1425 2345 1781 2382 ηοιηίηειωτίὲιᾱίῑίυε

66 2399 121 2436 vel
134 2397 266 2438 ωᾶυε.
316 2396 444 2434 Foffiiis
460 2399 626 2446 reperitur
640 2398 693 2434 vel
704 2402 852 2438 interra,
866 2399 921 2435 vel
936 2409 1029 2434 extra
1044 2409 1179 2434 terram.
1233 2398 1270 2432 ln
1286 2406 1374 2432 terra
1390 2405 1546 2443 repertus
1561 2404 1620 2430 aut
1641 2395 1784 2430 caeditur

67 2447 103 2485 in
116 2448 313 2487 motibuS,
327 2447 380 2483 vel
394 2458 412 2481 e
427 2447 556 2495 campis
565 2446 746 2487 effoditur,
762 2447 872 2483 arenis
889 2470 899 2487 ,
914 2449 1038 2495 quibus
1054 2448 1183 2497 tegitur
1196 2468 1206 2486 ,
1219 2445 1313 2495 prius
1328 2444 1484 2480 remotis.
1536 2443 1636 2478 Extra
1657 2453 1783 2478 terrain

66 2506 222 2545 repertus
239 2495 406 2531 effoditur
420 2506 462 2530 ex
477 2496 592 2542 aquis,
605 2495 641 2531 ὅ(
651 2495 837 2531 diciturvel
851 2495 1006 2536 fontalis,
1023 2496 1165 2544 quando
1181 2495 1296 2530 fontes
1310 2491 1472 2528 autrivuli
1485 2514 1495 2531 ,
1506 2491 1621 2527 calore
1629 2491 1716 2526 Solis
1727 2503 1784 2527 ex-

65 2544 179 2582 raecati
194 2545 228 2580 in
247 2544 346 2582 salem
361 2553 613 2580 convertuntur
628 2543 706 2588 ;vel
721 2543 866 2579 fluvialis
877 2567 887 2584 ‚
902 2545 1043 2592 quando
1059 2542 1182 2579 fluvius
1190 2542 1310 2590 aliquis
1318 2550 1472 2576 ramenta
1488 2540 1554 2575 fert
1566 2561 1577 2580 a
1592 2550 1667 2588 quae
1685 2539 1719 2574 in
1738 2539 1781 2575 (Ζι-

65 2591 136 2628 lem
152 2592 335 2629 densantur
348 2605 360 2637 ς
374 2592 428 2627 vel
442 2591 596 2640 stagnalis
610 2593 629 2627 a
646 2592 787 2642 stagni5‚
802 2603 878 2640 quae
894 2592 958 2630 sale
972 2591 1114 2629 aestuant
1129 2605 1140 2637 ;
1157 2590 1212 2626 vel
1227 2591 1378 2643 denique
1393 2587 1550 2624 Marinus
1562 2609 1574 2628 ,
1590 2589 1731 2637 quando
1749 2588 1782 2624 in

67 2649 230 2685 extremis
247 2648 420 2684 littoribus
437 2647 550 2683 tenuis
565 2648 705 2695 quidam
718 2647 758 2682 1221
775 2648 947 2702 gignitur,
964 2659 1070 2695 quem
1080 2646 1303 2684 Dioscorides
1320 2635 1415 2680 αλός
1435 2637 1573 2685 allisum
1588 2654 1702 2682 vocat.
1719 2643 1784 2679 Pli-

68 2698 146 2734 nius
161 2697 313 2745 spumam
331 2695 592 2744 interpretatum
599 2694 758 2743 juniores
773 2695 843 2731 {alis
856 2696 1013 2745 spumam
1031 2696 1226 2733 nominant.
1277 2693 1331 2730 Sal
1348 2705 1432 2729 vero
1442 2692 1563 2730 coetus
1580 2691 1618 2728 fit
1628 2694 1787 2740 exaquis,

68 2746 123 2781 vel
138 2745 297 2788 marinis,
310 2742 503 2780 fluvialibus
517 2766 528 2784 ,
543 2743 742 2779 lacustribus
756 2766 767 2783 ,
784 2743 866 2779 salsis
881 2744 1035 2780 fontanis
1049 2767 1060 2784 ,
1073 2743 1267 2792 putealibus
1280 2766 1291 2782 ,
1305 2742 1357 2779 vel
1374 2742 1475 2777 etiam
1490 2753 1532 2777 ex
1545 2741 1654 2776 muria
1671 2742 1785 2776 nativa

68 2794 241 2877 {nntium,
259 2803 297 2828 ut
312 2794 348 2828 in
358 2791 465 2828 Hallis
477 2792 653 2832 Saxoniae,
670 2793 704 2827 in
719 2792 839 2828 Salinis
846 2792 1047 2842 Thuringiae
1060 2815 1071 2833 ,
1086 2790 1210 2828 Haffiae
1224 2814 1235 2833 ,
1251 2791 1395 2828 Austriae
1409 2813 1419 2832 ,
1435 2790 1551 2838 Styriae
1572 2811 1582 2830 ,
1609 2789 1645 2825 ὅ(
1672 2789 1792 2836 Tyro-..
1953 2788 1963 2808 ⁶

82 2853 120 2878 is.
446 2868 450 2872 .

167 2888 356 2926 Conclusio
370 2888 480 2925 tertia.
530 2887 585 2924 Sal
601 2885 719 2924 foffilis
728 2898 879 2937 quatuor
887 2885 1101 2936 potissimum
1115 2887 1243 2936 species
1255 2896 1425 2926 numerat,
1435 2896 1562 2932 nempe
1575 2886 1667 2930 fidem
1675 2898 1789 2918 ammo-

69 2937 327 2978 mucamssalem
337 2940 478 2976 Gemma,
494 2934 595 2972 sdern
604 2939 735 2970 Nitrnm
745 2937 936 2974 &Indz'cmm
957 2936 1235 2973 SalAmmom‘acus
1249 2935 1296 2972 est
1306 2935 1346 2970 lai
1365 2932 1481 2970 l'ossilis
1497 2931 1720 2969 amarissimus
1732 2934 1789 2968 lub

70 2997 172 3022 arena
185 2982 415 3021 ardentiffima
428 2985 461 3020 in
479 2984 671 3031 Cyrenaica
688 2994 824 3022 erutus,
841 2986 935 3020 unde
945 2986 1046 3020 etiam
1063 2985 1275 3031 Cyrenaicus
1293 2983 1429 3019 dicitur.
1491 2984 1542 3015 Sal
1550 2992 1671 3029 gemma
1685 2981 1731 3016 est
1749 2981 1790 3015 lal

70 3031 188 3069 {offilis
203 3034 223 3070 ἐ
236 3033 363 3070 {odinis
379 3031 662 3079 erutus,crystalli
679 3033 711 3067 in
722 3044 857 3069 rnorem
874 3034 1088 3069 translucens
1105 3033 1328 3068 &candidus
1378 3030 1432 3065 Sal
1450 3035 1564 3063 nitrum
1583 3030 1635 3064 seu
1647 3032 1790 3078 petrosum

73 3081 137 3122 est,
152 3083 250 3130 quod
263 3093 306 3118 ex
321 3080 506 3131 coagulato
521 3081 671 3116 humore
689 3081 722 3115 in
748 3080 832 3116 locis
857 3082 1078 3117 {ubterrancis
1094 3081 1246 3116 humidis
1262 3078 1362 3115 instar
1378 3079 1483 3114 Stiricc
1503 3077 1585 3113 lall'ae
1600 3079 1794 3125 dependet,

72 3130 381 3180 autinstarsrigoris
397 3127 570 3178 congelati
581 3129 615 3164 in
626 3129 811 3176 parietibus
819 3130 916 3168 niter.
968 3129 1086 3166 Hodie
1097 3129 1199 3166 etiam
1209 3137 1279 3164 arte
1289 3127 1431 3163 Nitrum
1440 3125 1623 3174 colligitur.
1649 3126 1790 3162 Saslndi-

951 3177 963 3212 1
979 3177 990 3213 i
1739 3186 1789 3207 cus
