2087 3610
621 202 984 274 Philosophico-
992 199 1198 261 Politica.
1682 212 1785 269 147

57 284 175 328 thuin
190 286 304 322 nivem
319 283 486 333 gelabunt
499 305 512 323 ,
537 282 576 319 &
596 284 840 320 decidentibus
855 283 976 320 floccis
991 283 1111 318 omnia
1125 290 1330 330 contegent.
1393 280 1475 315 Alio
1499 281 1612 316 modo
1634 281 1678 317 {ic
1706 282 1782 321 ficri

58 333 405 388 potest31ncludatur
421 344 509 379 aqua
520 335 608 366 tubo
624 334 737 368 vitreo
763 346 775 377 ς
801 334 875 368 haec
901 334 960 368 diu
984 331 1134 367 multum
1154 330 1302 379 agitetur
1318 350 1329 367 2
1362 328 1552 364 innumerae
1574 331 1656 365 hinc
1675 342 1788 366 emer-

59 396 144 436 gent
157 383 252 420 bullae
264 403 276 420 ,
293 392 368 428 quae
378 380 494 429 gelido
503 381 571 415 aeri
585 382 747 429 expolitae
761 382 797 416 in
806 393 921 416 veram
931 381 1046 415 nivem
1055 380 1210 415 abibunt.
1259 378 1316 412 Sic
1325 377 1429 412 etiam
1438 377 1558 424 pruina
1568 380 1715 424 produci
1725 391 1789 427 po-

60 434 142 473 test,
156 432 176 468 li
193 440 318 477 nempe
335 429 493 475 hyberno
507 437 669 476 tempore
684 431 771 465 intra
785 440 843 464 vas
859 429 1022 464 ferventis
1038 438 1133 475 aquae
1143 427 1285 475 plenum
1303 425 1429 474 frigido
1446 426 1515 460 aeri
1530 426 1720 472 expolitum
1733 439 1789 462 ca-

86 482 129 518 illi
137 489 194 517 aut
208 477 289 514 folia
306 478 392 512 roris
409 477 530 511 man'ni
549 476 813 525 suspendantur,
830 488 975 524 vapores
989 476 1164 525 congelati
1181 473 1413 511 concrescunt
1428 474 1461 508 in
1479 474 1638 520 pruinam
1654 476 1686 509 ci
1701 476 1788 510 limi-

74 539 226 576 em,quae
241 526 377 573 hyemis
395 535 557 573 ternpore
572 527 724 562 crinibus
737 525 951 565 adhaerescit,
969 525 1118 573 livequae
1125 536 1169 559 ex
1178 523 1365 559 hominum
1372 521 1427 557 vel
1437 532 1610 569 equorum
1626 522 1787 559 halitibus

85 577 184 616 rodit.
1184 600 1187 603 .

60 591 85 629 p
151 621 326 660 Secundo.
352 624 459 657 Anno
475 631 554 664 ¹5¹0·
571 621 704 671 Regina
713 622 828 657 Marta
845 619 955 656 filium
971 621 1081 656 edidit
1092 621 1251 655 Emanueli
1268 618 1353 666 Regi
1367 617 1547 653 Lufitaniae
1563 616 1653 652 Patri
1675 617 1787 665 specie

62 673 217 712 &forma
226 669 452 708 fimillimum,
467 670 527 717 qui
539 673 690 705 Hearicus
701 669 889 718 appellatus
905 670 952 705 est
967 683 978 714 3
991 670 1121 704 eodem
1138 670 1195 703 die
1207 691 1218 708 ,
1233 667 1305 715 quo
1314 667 1478 714 Princeps
1495 667 1552 701 hie
1566 667 1602 700 in
1616 666 1731 702 lucem
1747 679 1784 702 e·

59 723 148 761 diuis
160 719 224 756 fuit
239 742 250 758 ,
271 720 390 765 Olysippo
411 717 429 760 (
447 718 480 752 in
496 730 564 765 qua
585 719 727 766 quidem
747 720 832 754 urbe
848 729 991 766 propter
1006 717 1174 753 lumniam
1189 717 1272 752 coeli
1286 716 1492 764 temperiem
1508 714 1666 749 monstro
1681 714 1786 752 simile

62 769 134 811 est,
145 777 274 818 partem
289 764 440 814 aliquam
457 767 543 802 nivis
560 767 711 809 intueri)
726 766 872 815 plurima
894 767 975 801 nive
990 765 1169 814 conspersa
1184 765 1249 800 suit
1261 787 1271 803 ,
1286 766 1382 812 quod
1399 763 1498 798 multi
1520 762 1564 798 fic
1584 763 1785 810 interpreta-

58 819 87 858 ti
99 818 186 856 funt,
203 825 243 851 ut
256 826 297 850 ea
314 815 395 850 nive
414 815 541 850 mentis
556 818 766 855 candorem,
780 816 858 851 vitae
870 814 1074 863 puritatem,
1090 814 1125 850 ἀ
1142 813 1415 852 continentiam,
1430 812 1566 847 virtutis
1580 812 1714 846 eximia:
1729 813 1785 847 lie-

61 866 290 905 eunditatem,
316 875 392 911 quae
412 863 446 898 in
473 864 545 899 hoc
562 863 722 913 Principe
742 863 942 900 mirabiliter
964 863 1071 899 eluxit
1085 885 1096 903 ,
1115 861 1408 911 praemonssratam
1430 859 1527 896 t‘uiffe
1546 861 1714 899 dicerent.
1740 861 1787 896 ita

59 913 196 953 orosius
211 912 307 953 ling
321 923 438 947 rerum
448 912 625 950 Emanuel.

73 968 93 980 '·
149 960 282 997 Tertio.
299 960 426 996 Narrat
443 960 554 996 Olaus
570 961 620 995 M.
630 961 687 996 lib.
701 972 749 1006 ¹9·
767 972 798 996 c.
813 970 853 1004 15.
865 959 899 994 in
911 960 1064 1008 partibus
1080 957 1403 1007 septentrionalibus
1416 979 1427 996 ,
1441 956 1557 992 nivem
1573 957 1667 992 tanta
1683 958 1787 1005 copia

59 1008 174 1062 dejici,
191 1019 229 1044 ut
243 1010 406 1045 arborum
420 1009 523 1048 rami,
536 1008 684 1058 ipsaeque
702 1010 842 1044 arbores
860 1008 906 1043 ita
922 1009 1022 1043 ramis
1037 1030 1047 1048 ,
1065 1007 1103 1043 &
1115 1008 1294 1043 arboribus
1309 1004 1548 1044 innectantur,
1566 1006 1786 1053 invicemque

58 1057 240 1098 fflrnican'o
254 1057 344 1105 quali
361 1068 470 1104 opere
487 1058 703 1097 coba-teant,
722 1057 836 1105 sicque
850 1057 884 1091 in
895 1054 1090 1107 longissima
1102 1056 1302 1092 ambulacra
1312 1078 1325 1097 ,
1337 1055 1442 1090 etiam
1456 1053 1651 1090 multorum
1665 1054 1784 1090 millia-

54 1107 143 1147 rium
158 1105 217 1142 sub
233 1106 315 1143 nive
333 1105 420 1141 mire
428 1105 612 1155 congelata
626 1107 892 1155 protendantur.

529 1221 679 1307 Qu
698 1222 784 1288 AE
804 1221 844 1288 s
863 1220 976 1286 TI
999 1219 1070 1286 O
1113 1220 1254 1287 vn.

723 1330 812 1381 ‘Dc
832 1328 1107 1381 Grandine.

187 1521 296 1551 tatur,
311 1509 560 1545 commiscetur
573 1509 688 1545 multis
705 1509 980 1544 exhalationibus
996 1509 1089 1544 liceis
1103 1509 1137 1545 δ(
1160 1509 1382 1545 salnitralibus
1394 1532 1406 1549 ,
1428 1521 1573 1556 quarum
1597 1512 1656 1550 vi,
1678 1524 1779 1547 acce-

188 1559 406 1594 denteetiam
414 1558 562 1606 frigore,
576 1556 795 1606 congelascit.
850 1558 1103 1607 Dillinguitura
1118 1559 1215 1597 nive,
1231 1558 1310 1605 quia
1322 1558 1379 1592 nix
1392 1557 1440 1592 cst
1456 1560 1556 1594 nubis
1571 1558 1780 1595 stillicidium

56 1607 93 1644 in
102 1613 183 1644 aere
196 1606 420 1655 congelatum
433 1618 446 1650 ⁴,
462 1606 597 1654 grando
615 1616 732 1641 autern
747 1606 794 1641 est
810 1606 938 1646 imber,
952 1606 1010 1654 qui
1025 1607 1284 1655 grandioribus,
1299 1605 1352 1641 vel
1370 1607 1529 1647 nimbus,
1545 1608 1603 1654 qui
1618 1609 1780 1644 maximis

52 1656 158 1707 guttis
173 1655 322 1694 decidit,
333 1655 367 1689 in
380 1660 461 1689 a'e're
471 1654 689 1703 congelatus,
736 1655 773 1690 Si
785 1655 914 1690 accidit
927 1651 1088 1703 tempore
1100 1655 1216 1690 aestivo
1233 1668 1242 1690 ι
1258 1653 1332 1702 ejus
1345 1656 1487 1690 materia
1505 1666 1640 1691 remota
1653 1656 1702 1691 est
1718 1657 1779 1705 spi-

53 1705 157 1744 ratio,
173 1703 290 1753 magni
305 1703 427 1739 caloris
436 1701 621 1738 efficientia
635 1703 670 1738 in
685 1701 830 1738 sublime
847 1702 965 1738 evethi
979 1726 990 1743 ,
1003 1702 1040 1739 ἀ
1056 1703 1090 1737 in
1108 1704 1237 1738 nubem
1254 1703 1357 1751 paulo
1371 1703 1566 1739 densiorem
1583 1704 1620 1740 ὅ(
1637 1704 1778 1740 calidio-

52 1763 124 1790 rem
138 1762 315 1789 concreta.
356 1752 511 1786 -Materia
519 1751 676 1799 proxima
685 1750 864 1787 estimber.
915 1752 955 1786 In
971 1763 1076 1800 quem
1087 1753 1196 1787 nubes
1212 1752 1363 1788 solvitur.
1416 1751 1578 1787 Proxima
1594 1753 1691 1788 causa
1702 1752 1777 1788 effi-

52 1801 146 1838 ciens
154 1801 202 1836 est
216 1801 320 1836 etiam
331 1799 423 1836 calor
437 1799 633 1835 circumfuli
649 1800 757 1845 λᾶι-355
768 1811 895 1848 aquam
908 1811 971 1848 per
978 1799 1231 1848 antiperistafim
1243 1801 1664 1849 refrigeran8,t(>t²i11nque
1676 1803 1719 1837 ab
1734 1814 1775 1837 ci

51 1850 202 1886 calorem
210 1850 426 1897 exprimens,
442 1847 478 1883 ὅς
492 1847 711 1897 extinguens.
762 1849 847 1898 Qo
862 1847 917 1888 fit,
932 1859 969 1883 ut
977 1850 1111 1897 grando
1125 1849 1301 1884 horridior
1313 1861 1355 1883 ac
1365 1849 1484 1884 durior
1500 1849 1538 1885 lit
1553 1851 1693 1885 coeteris
1709 1851 1774 1885 im-

51 1895 278 1949 preffionibus
293 1897 464 1935 humidis,
478 1896 599 1943 quaein
613 1902 694 1932 aere
709 1895 808 1932 fiunt.
862 1897 1021 1934 Siautem
1037 1898 1171 1946 grando
1183 1897 1316 1937 existat,
1332 1897 1414 1932 cum
1422 1898 1777 1946 omnia‘circumqua-

55 1957 120 1997 que
135 1946 267 1995 algent,
277 1943 350 1993 ejus
360 1945 642 1980 remotamateria
651 1943 699 1979 est
708 1944 772 1980 exs
786 1945 903 1986 iratio,
914 1957 986 1980 non
996 1955 1096 1982 tanto
1111 1945 1244 1985 calore,
1262 1957 1328 1980 nec
1337 1947 1370 1981 in
1378 1956 1449 1980 tam
1465 1946 1603 1982 densam
1614 1946 1777 1983 calidam-

81 2006 121 2031 ue
135 1996 264 2030 nubem
277 1993 410 2030 coacta.
458 1993 714 2028 Proximavero
729 2005 748 2028 e
790 1993 883 2029 ciens
897 1993 996 2030 causa
1003 1993 1257 2043 estsrigusaeris
1266 1994 1774 2044 ambientis,congelantisque.

53 2005 164 2080 {lausa
180 2042 332 2078 normalis
348 2041 398 2077 est
417 2041 526 2089 specie
539 2041 1159 2091 globulorumconglaciatushumor.
1209 2043 1388 2078 Numerus
1397 2053 1514 2078 autem
1524 2053 1638 2079 tantus
1646 2044 1694 2080 cst
1700 2044 1778 2092 glo-

50 2090 212 2128 bulorum
224 2114 237 2131 ‚
253 2101 404 2138 quantus
411 2101 609 2138 guttarum3
622 2102 704 2126 nam
719 2090 857 2139 fingulae
866 2100 973 2139 guttae
988 2091 1116 2139 frigore
1130 2091 1362 2126 concrescunt
1374 2091 1408 2127 ὅ(
1424 2091 1513 2128 fiunt
1528 2093 1726 2141 grandines.

146 2139 338 2176 Conclufio
355 2140 514 2174 lecunda.
562 2137 711 2174 Grando
720 2138 758 2174 fit
770 2139 807 2176 &
820 2149 1004 2188 generatur
1015 2150 1093 2175 tum
1107 2140 1143 2174 in
1160 2140 1291 2179 media,
1307 2149 1382 2175 tum
1399 2139 1654 2176 ininfimaaeris
1663 2141 1779 2189 regio..

51 2199 118 2234 ne3
136 2188 236 2231 Ratio
249 2187 298 2223 est
308 2211 320 2227 2
337 2187 416 2236 quia
426 2189 511 2222 dum
528 2187 648 2222 omnia
664 2188 939 2236 circumquaque
953 2188 1144 2236 rigescunt,
1152 2188 1263 2235 potest
1273 2189 1373 2224 aerin
1382 2189 1529 2236 utraque>
1542 2189 1688 2238 regione
1699 2190 1774 2225 ido-

50 2248 153 2273 neam
163 2237 322 2272 obtinere
328 2236 464 2285 trigoris
472 2236 730 2271 vehementiam
741 2238 782 2271 ad
793 2236 1079 2285 conglaciandam
1087 2249 1224 2285 aquam.
1252 2238 1348 2272 Dum
1359 2247 1475 2272 autem
1485 2238 1578 2286 viget
1585 2237 1682 2273 aestus
1690 2261 1700 2278 ,
1709 2250 1774 2286 po-

51 2283 160 2320 testin
173 2282 329 2332 ejusdem
337 2285 422 2320 locis
430 2295 492 2332 per
505 2284 759 2332 antiperistafim
772 2295 909 2320 tantum
923 2285 1078 2334 (rigoris,
1093 2296 1262 2333 quantum
1277 2288 1320 2321 ad
1334 2286 1489 2321 eundem
1504 2285 1667 2321 efficium
1684 2297 1773 2334 opus

49 2332 90 2369 fit
100 2355 114 2373 ‚
126 2333 214 2368 intra
225 2344 353 2381 aquam
368 2332 572 2371 coalescere.
621 2333 712 2368 Sane
727 2333 831 2382 gelari
847 2344 1105 2381 nonnunquam
1120 2334 1326 2382 grandinem
1341 2336 1451 2382 prope
1462 2344 1588 2369 terram
1601 2359 1609 2373 ,
1625 2334 1708 2370 iilud
1722 2347 1774 2370 ar-

48 2391 222 2436 gumento
236 2381 300 2420 est,
318 2383 414 2429 quod
431 2382 605 2416 interdum
615 2383 748 2428 grando
763 2381 1103 2430 deciditinterceptis
1119 2382 1241 2430 paleiS,
1258 2393 1341 2430 quas
1357 2394 1443 2430 aqua
1452 2382 1679 2418 concrescens
1698 2383 1732 2418 in
1743 2382 1774 2418 se

50 2429 241 2466 incluserat.
269 2430 373 2466 unde
384 2432 583 2478 negandum
593 2428 657 2470 est,
668 2429 799 2478 semper
807 2430 1082 2480 geminationem
1091 2431 1267 2466 radiorum
1276 2432 1310 2466 in
1320 2430 1438 2466 infima
1448 2432 1591 2480 regione
1605 2432 1690 2466 aeris
1699 2441 1772 2466 tan-

50 2487 121 2514 tam
132 2477 203 2514 else
213 2501 227 2518 ,
252 2488 292 2514 ut
305 2478 412 2526 fiigus
428 2479 470 2513 ad
486 2477 773 2527 conglaciandam
786 2491 911 2526 aquam
929 2477 1117 2515 neceffario
1130 2489 1309 2528 expugnet
1322 2479 1358 2515 ὅ(
1373 2479 1557 2514 interimat.
1606 2481 1773 2520 Accedit,

51 2527 148 2574 quod
197 2526 554 2575 aedistaconglaciatio
574 2538 646 2561 non
655 2529 697 2561 ad
707 2528 731 2562 li
740 2528 814 2575 igus
822 2529 989 2562 duntaxat
1007 2526 1220 2574 circumjecti
1235 2528 1412 2574 corporis,
1430 2527 1487 2563 {ed
1502 2529 1677 2564 interdum
1686 2530 1729 2563 ad
1738 2539 1774 2564 e-

45 2568 133 2623 jusc
165 2586 281 2615 orem,
295 2575 383 2611 &ad
398 2573 672 2622 antiperistalim,
685 2586 725 2611 ut
739 2575 1065 2623 luperiusdiximus,
1080 2578 1261 2611 reserenda
1270 2575 1318 2611 fit.

59 2662 67 2666 ,
134 2624 271 2661 Dices:
288 2622 434 2659 Grando
442 2635 516 2658 non
530 2626 701 2664 rorunda,
714 2624 771 2658 sed
786 2624 946 2672 angulata
959 2623 1024 2664 est,
1039 2626 1095 2660 led
1113 2626 1182 2659 hoc
1197 2623 1244 2659 est
1259 2625 1403 2660 evidens
1418 2623 1551 2673 (ignum
1561 2646 1571 2663 ,
1586 2625 1683 2671 quod
1699 2635 1774 2660 non

53 2670 197 2712 exalto,
209 2683 338 2719 nempe
353 2684 396 2707 ex
409 2673 524 2706 media
537 2672 625 2707 a'eris
641 2673 786 2726 regione
799 2674 901 2708 cadat
916 2695 926 2712 ,
941 2672 1038 2708 aliter
1049 2674 1130 2708 afris
1143 2674 1259 2708 attritu
1274 2675 1521 2708 rotundaretur
1535 2695 1545 2711 ,
1558 2684 1654 2720 eigo·
1707 2673 1772 2708 Re-

59 2717 362 2769 spondetur-primo
376 2722 558 2767 negando,
571 2723 778 2769 grandinem
787 2720 975 2768 aliquando
990 2733 1064 2756 non
1074 2721 1347 2758 ess'eroumdam.
1372 2723 1555 2760 Secundo,
1565 2720 1617 2755 illa
1627 2722 1774 2769 grando,

56 2769 348 2815 quaerOtuuditate
363 2779 474 2808 caret,
489 2779 547 2804 aut
557 2770 783 2818 generaturin
794 2769 912 2804 infima
919 2770 1002 2804 aeris
1009 2770 1174 2819 regione,
1189 2780 1249 2805 aut
1267 2771 1302 2805 in
1317 2781 1357 2805 ea
1374 2769 1557 2817 frangitur,
1574 2770 1671 2816 quod
1689 2769 1775 2805 ssare

57 2816 164 2864 potest
178 2829 261 2854 cum
269 2829 332 2857 eo,
350 2819 446 2865 quod
457 2818 491 2852 in
501 2817 614 2852 media
621 2818 704 2854 airis
713 2819 857 2866 regione
872 2818 976 2852 {uerit
984 2819 1112 2866 genita.

149 2865 339 2902 Conclusio
354 2866 464 2902 tertia.
516 2865 691 2901 Dividitur
702 2867 837 2912 grando
852 2877 897 2901 ex
913 2866 1104 2913 quantitate
1117 2865 1154 2901 ἀ
1170 2864 1289 2914 figura.
1342 2865 1493 2900 Ratione
1507 2864 1708 2912 quantitatis
1729 2864 1778 2901 est

55 2911 110 2961 vd
124 2915 288 2955 maxima.
303 2914 359 2949 vel
373 2914 529 2953 minima,
579 2914 735 2949 Maxima
749 2914 938 2963 estgrando
954 2915 988 2950 in
997 2914 1176 2950 orbiculos
1193 2915 1318 2949 (olidos
1330 2914 1368 2949 ὅ(
1383 2915 1489 2948 duros
1505 2912 1606 2948 instar
1621 2913 1776 2961 lapidum

56 2961 245 3010 compa&
294 2963 435 3002 Minor,
444 2974 518 3011 quae
529 2962 634 3011 vulgo
642 2962 786 3011 granula
794 2963 939 3003 dicitur,
947 2974 989 2998 cx
997 2963 1146 2998 humore
1159 2962 1323 2998 leviter&
1337 2961 1678 3008 mollitercompaeto
1689 2974 1775 2998 con-

55 3006 134 3050 stat,
146 3011 299 3058 ciimque
309 3022 352 3046 ex
365 3011 477 3046 altiori
487 3011 568 3046 loco
576 3011 780 3050 descendat,
795 3010 927 3059 globuli
943 3011 1168 3059 iplipaulatim
1177 3011 1281 3046 exilla
1298 3022 1396 3045 mora
1411 3009 1620 3056 liquescunt,
1634 3010 1672 3046 <Sc
1687 3021 1775 3046 atte-

53 3067 185 3094 runtur.
235 3058 456 3094 octonarum
469 3058 772 3095 circiterlibrarum
785 3060 992 3108 grandinem
1009 3062 1159 3110 MaJolus,
1174 3072 1246 3093 non
1264 3059 1438 3093 minorem
1453 3059 1611 3093 humano
1624 3060 1778 3107 capite!-

45 3105 223 3151 fidens-12.
238 3109 370 3155 pedum
379 3107 600 3157 longitudine
608 3108 792 3143 Bontinius
802 3130 812 3146 ,
827 3119 869 3145 12.
885 3110 992 3155 pedes
1005 3107 1166 3157 longam,
1186 3114 1312 3154 {eptem
1322 3106 1424 3141 latam
1434 3129 1444 3145 ,
1458 3105 1495 3142 ὅ(
1511 3108 1601 3142 duos
1615 3107 1718 3142 altam
1727 3108 1777 3142 Si-

50 3155 308 3207 gebertuS1636.
333 3156 370 3193 iu
385 3157 561 3193 territorio
575 3155 788 3205 Rodiugenli
807 3167 858 3203 30.
873 3155 965 3193 libris
987 3158 1182 3202 graviorem
1199 3157 1302 3191 vilam
1315 3154 1370 3190 alii
1386 3165 1597 3191 memorant.
1661 3156 1778 3204 Digna

982 3205 1016 3240 T
1037 3217 1060 3242 2
1630 3214 1770 3244 memo·

53 1446 350 1592 COnclusio
365 1460 486 1508 prima.
535 1459 684 1496 Grando
699 1460 747 1496 est
761 1460 961 1509 congelatio
975 1471 1074 1509 aquae
1088 1483 1101 1500 ,
1117 1472 1193 1509 quae
1209 1461 1291 1496 crim
1305 1460 1324 1496 ἓι
1335 1469 1445 1496 vento
1455 1461 1647 1502 detinetur,
1664 1461 1781 1512 &agi-
