2087 3610
315 245 414 299 280
983 227 1344 301 Meteorologia

417 312 511 359 Argu
518 321 553 346 es
566 311 680 347 tertio.
729 310 787 345 Ad
803 307 1072 357 productionem
1089 308 1161 343 auri
1176 307 1352 343 concurrit
1366 306 1458 344 calor
1466 306 1596 343 Solis&
1606 307 1760 355 syderum
1773 306 1921 343 influxus
1936 307 1953 347 ,'
1963 308 2023 356 qui

322 372 397 396 non
407 358 517 408 potest
525 359 734 407 iuppleriper
743 358 896 393 calorem
904 357 992 405 ignis
1001 354 1175 403 applicati,
1184 356 1267 390 sicut
1280 355 1337 390 hic
1346 367 1418 391 non
1429 355 1539 404 potest
1554 355 1706 403 supplere
1723 356 1874 391 calorem
1889 366 2026 391 natura-

320 409 401 447 lem,
410 407 488 442 alias
497 408 597 442 ctiam
607 406 780 442 mediante
788 406 868 453 igne
883 416 924 439 ex
940 415 1028 451 pane
1045 402 1241 450 poffettfieri
1254 415 1352 443 caro,
1369 402 1405 439 ὃ(
1421 415 1463 439 ex
1478 405 1560 441 vino
1577 404 1748 439 humanus
1766 404 1909 452 languis.
1959 405 2026 439 Re-

321 457 477 503 spondeo
493 456 671 503 negandO,
688 455 784 500 quod
800 453 893 488 calor
910 451 1021 487 solaris
1031 462 1103 486 non
1118 449 1220 498 poffit
1236 450 1396 498 suppleri,
1414 462 1453 487 ut
1468 462 1561 499 patet
1575 452 1610 486 in
1626 450 1766 486 floribus
1777 474 1787 491 ,
1803 452 1860 498 qui
1877 452 1919 486 ad
1934 451 2027 487 calo—

320 516 394 540 rem
404 504 552 538 fornacis
562 505 596 538 in
605 504 730 549 hyeme
739 509 964 547 generantur,
975 499 1010 535 &
1020 500 1054 533 in
1063 499 1179 534 multis
1187 498 1257 533 aliis
1272 497 1448 534 effectibus
1458 522 1468 540 ,
1478 501 1521 535 de
1531 500 1653 547 quibus
1665 500 1908 546 experientiam
1921 500 2026 535 habe-

320 564 409 588 mus.
462 549 766 598 Sicpariterpotest
774 561 833 596 per
841 559 950 583 artem
959 546 1320 582 medicina-&virtute
1328 548 1592 594 pharmacorum
1602 547 1744 595 suppleri
1762 547 1917 582 defec’tus
1933 548 2025 583 calo-

319 601 364 636 ris
381 599 551 634 naturalis.
603 598 709 633 Calor
724 607 840 632 tamen
856 595 1023 631 stomachi
1039 596 1081 630 ad
1097 594 1419 630 transmutationem
1435 595 1678 631 substantialem
1689 597 1706 630 a
1722 595 1835 630 calore
1851 595 1938 643 ignis
1951 607 2026 632 non

320 648 493 696 suppletur
502 670 511 686 2
527 658 606 681 cum
618 647 688 680 hoc
704 645 804 680 nobis
813 644 904 679 nulla
917 644 1052 678 ratione
1066 642 1212 678 constet.
1262 642 1400 677 Deinde
1409 644 1450 678 ad
1460 644 1719 692 generationem
1731 643 1838 678 carnis
1848 643 1882 679 ὅ(
1893 644 2023 692 sangui-

318 697 372 731 nis
386 695 480 743 plura
488 695 724 741 requiruntur,
739 705 842 740 quam
851 704 921 728 arte
929 691 995 726 ulla
1004 689 1237 737 efficipoffint.
1286 690 1444 726 Tradunt
1452 702 1567 727 tamen
1577 691 1755 732 nonnulli,
1770 691 2024 739 fieripoffecar-

317 756 399 780 nem
416 754 458 778 ex
466 753 555 786 pane
564 753 624 789 per
633 741 773 788 aliquod
783 741 854 776 dies
864 738 995 776 defosso
1012 739 1047 773 in
1057 738 1287 785 sterquilini03
1303 741 1399 785 quod
1415 740 1556 786 quidem
1564 740 1606 774 ad
1615 739 1742 774 fabulas
1752 738 1978 785 rejiciendum
1988 751 2022 774 e·

317 803 365 840 go
381 790 545 825 existimo.
595 792 642 825 At
650 801 732 824 vero
743 791 785 824 ad
799 789 926 823 metalli
940 786 1266 822 transmutationem
1274 788 1310 821 in
1326 798 1447 822 aurum
1462 787 1547 822 nihil
1556 787 1698 836 amplius
1709 787 1906 835 requiritur,
1919 799 2022 836 quam

316 852 369 875 ars
379 862 388 880 ,
406 850 480 886 quae
484 836 557 884 jam
566 839 689 886 adepta
700 838 763 879 est,
779 838 914 885 utapud
922 833 1024 883 hujus
1033 835 1112 870 artis
1126 834 1304 882 peritiores
1312 846 1376 882 pro
1393 844 1488 871 certo
1507 836 1563 872 est.

413 957 507 1002 Argu
513 964 547 987 es
563 961 696 999 quarto.
746 952 832 986 Non
848 949 987 999 possunt
996 949 1145 997 chymici
1154 962 1258 986 unam
1270 961 1445 998 gemmam
1455 959 1682 986 transmutare
1691 950 1725 985 in
1734 949 1832 986 aliam
1841 962 1874 987 v.
1883 963 1914 999 g.
1930 951 2024 987 Ada-

314 1012 470 1040 mantem
481 1003 513 1035 in
523 1001 747 1048 Smaragdum
757 1021 766 1038 ,
776 999 1037 1046 Chrylolithum
1053 999 1087 1032 in
1097 998 1467 1048 Carbunculum,ergo
1475 1010 1540 1033 nec
1553 999 1644 1034 aliud
1659 998 1847 1036 metallum.
1871 999 2022 1046 Respon-

316 1053 385 1086 deo
396 1074 405 1090 ,
425 1062 482 1085 me
497 1048 599 1095 hujus
608 1050 686 1082 artis
697 1047 824 1082 nullam
833 1049 949 1083 videre
958 1046 1218 1094 repugnantiam
1227 1069 1236 1086 ,
1248 1047 1343 1094 quod
1354 1047 1387 1081 id
1397 1047 1503 1094 ipsum
1512 1047 1612 1082 multi
1627 1048 1756 1082 docent
1763 1047 1939 1082 Authores
1947 1059 1959 1092 3
1967 1047 2023 1083 vel

315 1100 409 1135 certe
425 1098 583 1132 nondum
594 1108 645 1131 ars
662 1095 716 1130 illa
726 1096 863 1130 inventa
880 1094 927 1130 est
940 1117 950 1136 ,
967 1094 1049 1130 sicut
1063 1094 1110 1130 est
1119 1095 1257 1131 inventa
1273 1096 1512 1130 transmutatio
1529 1095 1767 1136 metallorum,
1784 1104 1823 1131 ut
1835 1095 1967 1132 constat
1980 1105 2023 1132 ex

313 1147 464 1195 probatis
481 1144 650 1181 historicis
659 1144 694 1180 ἃς
709 1143 865 1180 adductis
876 1143 1050 1191 exemplis.

412 1265 547 1311 Argues
563 1261 699 1309 quinto.
750 1258 885 1294 Vivens
900 1256 1092 1305 perseffium
1109 1267 1202 1294 extra
1215 1257 1395 1294 matricem
1405 1258 1526 1306 nequit
1539 1260 1714 1308 generari,
1731 1270 1814 1309 ergo
1830 1260 1932 1295 etiam
1948 1271 2021 1296 me-

308 1309 427 1345 tallum
439 1309 629 1357 paredum
640 1331 650 1348 ,
662 1307 761 1355 quale
778 1306 825 1341 est
838 1317 978 1347 aurum,
989 1307 1109 1354 nequit
1117 1307 1261 1354 produci
1272 1317 1365 1342 extra
1375 1308 1542 1342 mineram
1551 1308 1741 1344 matricem.
1793 1307 2020 1354 Respondeo,

308 1358 430 1393 vivens
440 1357 680 1406 imperfectum
690 1355 800 1403 potest
809 1366 850 1390 ex
861 1366 1067 1402 quacunque
1082 1355 1221 1390 materia
1231 1364 1324 1390 extra
1339 1365 1476 1391 uterum
1491 1356 1646 1404 generari
1661 1378 1670 1396 ,
1685 1367 1746 1391 cur
1761 1367 1835 1391 non
1849 1356 1885 1391 ὅ(
1899 1352 2022 1391 aurum

309 1406 369 1441 illo
387 1406 493 1455 longe
509 1403 766 1453 imperieE‘dus?
783 1403 911 1438 deinde
926 1403 1095 1449 disparitas
1113 1402 1177 1443 est,
1195 1404 1290 1450 quod
1305 1404 1408 1450 primi
1424 1415 1497 1439 non
1514 1405 1679 1439 habeatur
1695 1404 1927 1452 experientia3
1945 1415 2020 1451 quae

311 1454 691 1492 habeturdesecundo‚
707 1462 745 1488 ut
760 1463 802 1486 ex
818 1451 922 1486 allatis
936 1461 1046 1498 patet,
1064 1452 1187 1498 quibus
1199 1452 1370 1499 (equentia
1386 1452 1418 1487 in
1430 1451 1734 1487 confirmationem
1750 1453 1849 1487 adde.
1899 1453 2016 1488 Notus

313 1502 360 1537 est
377 1502 526 1543 libellus,
542 1513 581 1538 ut
591 1501 701 1549 inquit
709 1507 743 1536 P.
754 1500 789 1534 de
797 1499 1238 1546 RhodcsPhil,Pcr1p.l.2.D1sp.
1251 1514 1272 1534 t.
1287 1512 1316 1546 q.
1324 1514 1352 1539 2.
1360 1501 1428 1544 fibi.
1434 1514 1461 1540 3·
1480 1500 1705 1547 superioribus
1718 1501 1815 1535 annis
1831 1500 1960 1541 editus,
1978 1512 2018 1535 u-

309 1551 344 1585 bi
361 1551 518 1586 accurate
536 1550 722 1597 disputatur
738 1550 781 1584 de
791 1559 895 1582 aureo
911 1549 1033 1588 dente,
1043 1548 1101 1594 qui
1116 1548 1237 1595 sponte
1252 1547 1464 1583 succreverat
1472 1560 1552 1584 cum
1566 1548 1637 1584 aliis
1653 1549 1813 1583 dentibus
1831 1549 1864 1583 in
1880 1559 1941 1582 ore
1954 1549 2019 1584 mi-

311 1599 377 1633 litis
389 1599 573 1646 Hungarioe
593 1599 627 1633 in
636 1597 746 1633 castris
756 1597 992 1643 Imperatoris,
1010 1596 1106 1639 quod
1119 1607 1240 1630 aurum
1256 1596 1413 1631 omnium
1417 1593 1552 1643 judicio
1560 1597 1667 1633 visum
1683 1597 1729 1631 est
1737 1594 2019 1644 probatiffimum.

310 1647 429 1682 Reiert
442 1648 639 1683 Alexander
654 1645 898 1681 abAlexandro
913 1644 971 1682 lib.
985 1657 1020 1691 4.
1032 1644 1154 1693 genial.
1172 1643 1307 1679 dierum
1323 1645 1359 1679 in
1369 1643 1556 1680 Germania
1575 1645 1735 1681 citeriore
1748 1644 1833 1680 vites
1841 1643 1940 1691 juxta
1949 1646 2018 1680 Da-

308 1696 456 1730 nubium
470 1696 543 1730 tota
559 1696 685 1742 hyeme
701 1703 797 1728 terrae
811 1692 992 1739 insepultas
1007 1715 1017 1732 2
1041 1692 1123 1739 litpe
1137 1692 1172 1726 in
1189 1692 1299 1727 aestate
1314 1692 1494 1740 capreolos
1507 1704 1630 1728 aureos
1646 1692 1681 1728 ὃ(
1697 1693 1878 1740 pampinos
1890 1693 2017 1741 germi-

307 1755 400 1781 nare.
454 1741 564 1779 Caula
576 1740 680 1788 hujus
699 1741 810 1780 addit,
828 1740 910 1775 cum
924 1740 969 1776 ibi
983 1740 1172 1788 inquitauri
1185 1740 1311 1776 fodinae
1325 1739 1946 1780 fint,subtuscoalescereinradicibus
1956 1752 2015 1776 au-

308 1803 404 1829 rum,
423 1791 458 1827 ὅ(
475 1804 544 1826 una
558 1790 771 1839 ingenitum,
787 1801 826 1824 ac
841 1788 1091 1824 condensatum
1110 1787 1247 1823 occulta
1255 1788 1497 1837 origine,dum
1507 1789 1831 1838 germinaemittunt
1845 1789 1946 1828 vites,
1955 1790 2017 1824 mi-

307 1839 402 1874 rabili
429 1849 557 1874 natura:
583 1838 771 1875 constituto
788 1860 798 1876 ,
815 1846 882 1872 ‘aut
907 1838 1053 1872 decreto
1079 1836 1248 1871 stellarum
1263 1859 1274 1876 ,
1298 1848 1420 1872 aurum
1446 1837 1543 1872 fimul
1568 1848 1758 1884 erumpere.
1831 1837 1956 1873 Narrat
1980 1838 2017 1874 ὅ(

306 1887 507 1924 Aristoteles
532 1886 582 1922 lib.
607 1886 642 1921 de
666 1884 852 1921 admirandis
877 1883 1076 1919 audamm'bus
1096 1907 1106 1926 ,
1132 1883 1256 1920 alicubi
1279 1895 1324 1920 aes
1342 1884 1510 1934 Cyprium
1535 1885 1577 1921 ab
1603 1884 1761 1934 agricolis
1775 1885 1930 1922 seminari
1945 1907 1956 1927 ‚
1978 1885 2017 1922 &

303 1936 401 1974 meti.

401 2055 536 2100 Argues
551 2051 703 2098 denique
721 2048 826 2086 sexto.
879 2048 1105 2096 AlchymIstas
1122 2048 1237 2097 saepius
1254 2047 1289 2084 in
1304 2047 1489 2085 manifestis
1503 2047 1697 2098 imposturis
1711 2048 1806 2087 fuiss'e
1823 2050 2026 2098 deprehen--

305 2100 369 2136 sos.
422 2101 509 2135 Item
529 2100 599 2134 iere
618 2100 748 2146 semper
762 2098 965 2134 mendicum
974 2097 1100 2133 esthoc
1116 2098 1431 2146 hominumgenus.
1459 2098 1605 2134 Constat
1620 2097 1722 2134 etiam
1740 2095 2023 2146 opulentisfimos‘

304 2149 426 2188 etiam,
444 2149 508 2183 hac
518 2158 589 2182 arte
607 2149 649 2182 ad
665 2144 812 2193 majores
822 2147 961 2195 ‘divitias
974 2145 1194 2185 anhelantes,
1209 2146 1298 2180 bene
1312 2156 1405 2193 parta
1417 2145 1625 2195 prodegisse,
1641 2146 1676 2182 ὅ(
1689 2148 1732 2183 ad
1746 2147 1942 2194 pauperiem
1959 2158 2012 2182 re-

306 2197 425 2232 dae‘ms
435 2196 512 2231 effe.
564 2196 791 2242 Respondeo,
807 2197 864 2229 me
880 2194 970 2229 ultro
982 2194 1097 2234 fateri,
1112 2205 1185 2228 non
1194 2204 1324 2241 paucos
1338 2194 1372 2228 in
1382 2195 1526 2230 hacarce
1540 2193 1861 2241 impostoresfuisse,
1877 2194 1932 2229 sed
1941 2195 2013 2230 hoc

304 2257 378 2280 non
395 2245 539 2285 evincit,
555 2244 733 2291 chymicos
747 2254 872 2278 omnes
888 2241 954 2278 effe
969 2243 1128 2278 fraudum
1142 2242 1179 2277 ὅ(
1191 2242 1454 2277 mendaciorum
1468 2243 1698 2278 fabricatores.
1747 2243 1869 2278 Fateor
1886 2243 2012 2289 pariter

305 2292 542 2329 difficillimam
556 2293 647 2327 hanc
661 2289 726 2326 effe
741 2301 848 2326 artem
865 2288 1142 2338 pauciffimisque
1155 2289 1321 2325 haetenus
1332 2291 1525 2338 cognitam,
1541 2293 1635 2325 unde
1649 2291 1684 2326 &
1697 2303 1815 2326 meum
1831 2291 2010 2327 confilium

305 2341 373 2377 est:
392 2338 664 2388 Chrysbpoejam
674 2339 876 2387 speculative
895 2340 966 2374 fors
983 2350 1116 2377 veram,
1132 2338 1274 2374 minime
1289 2348 1405 2373 tamen
1421 2338 1455 2373 in
1467 2339 1598 2387 praxim
1614 2339 1855 2375 deducendam
1870 2339 1916 2374 ob
1926 2350 2009 2386 prae-

304 2390 393 2425 dif’ca
409 2390 644 2428 incommoda,
655 2388 890 2424 communiter
903 2387 1154 2435 promanantia.
1212 2387 1331 2433 Quare
1351 2398 1473 2422 eorum
1486 2386 1683 2434 Principum
1700 2387 1893 2434 sapientiam
1913 2399 2011 2423 com.

302 2439 468 2474 mendare
477 2447 618 2485 oportet
633 2459 643 2476 ,
661 2437 721 2481 qui
737 2436 888 2471 subditos
904 2436 980 2470 iuos
997 2433 1249 2480 abhujusmodi
1259 2435 1385 2469 artibus
1396 2435 1478 2469 serio
1487 2445 1635 2470 avocant
1648 2458 1658 2476 ,
1672 2435 2011 2483 prudenterrati,ve-

301 2498 374 2521 ram
391 2496 498 2521 artem
516 2485 755 2520 ditandiurbes
769 2485 804 2520 ὃς
815 2484 1008 2532 provincias
1020 2482 1084 2518 ess'e
1093 2483 1246 2517 laborem
1256 2482 1498 2518 &industriam
1507 2483 1645 2521 civium.
1697 2483 1890 2530 Chymicus
1899 2483 2012 2519 excel-
2026 2483 2033 2494 ‘

301 2535 376 2569 lens
385 2534 540 2569 Penotus
559 2543 646 2572 erat,
661 2533 765 2580 quam
782 2532 901 2567 misere
915 2532 953 2567 in
961 2542 1115 2567 extremo
1127 2530 1203 2565 suos
1220 2541 1326 2566 canos
1336 2531 1530 2578 deposuerit
1539 2529 1651 2571 senio,
1662 2535 1786 2566 notum
1796 2530 1922 2576 doetis3
1937 2542 2008 2567 vox
2058 2544 2062 2555 ·

300 2583 389 2617 illius
405 2583 483 2617 fuit:
497 2584 567 2626 Sefi
576 2583 669 2615 aliem·
680 2583 793 2615 malum
806 2582 905 2620 vellet,
919 2593 1006 2625 quem
1018 2590 1111 2626 aperto
1124 2584 1160 2612 vi
1169 2579 1290 2628 aggredi
1299 2592 1356 2614 uon
1368 2580 1496 2621 valeret5
1509 2579 1661 2613 authorem
1675 2580 1860 2629 zjosiclgymicae
1873 2591 2007 2614 exercen-

300 2631 338 2664 αἶα
345 2632 503 2676 futurum,
553 2631 711 2668 Sennert,
727 2630 772 2664 de
786 2628 938 2664 consens.
954 2628 990 2665 ὅ(
1001 2626 1129 2663 diss'ens.
1139 2638 1209 2667 c.2.

397 2748 542 2794 Qaeres
556 2756 673 2782 tamen
687 2744 888 2782 curiositatis
909 2743 1021 2779 studio
1037 2766 1047 2784 ,
1069 2754 1143 2792 quae
1160 2743 1197 2779 fit
1219 2744 1360 2779 materia
1373 2742 1493 2791 lapidis
1507 2740 1741 2796 Philosophici
1757 2742 2003 2791 ?Respondeo,

299 2794 526 2843 multiplicem
544 2795 588 2830 de
603 2794 882 2830 hocAuthorum
900 2792 966 2827 esse
980 2792 1183 2840 opinionem
1202 2805 1213 2837 ;
1231 2793 1333 2839 aliqui
1354 2791 1494 2828 censent
1513 2803 1588 2826 eam
1605 2791 1670 2826 esse
1689 2792 1760 2826 auri
1783 2791 1923 2827 scoriam
1940 2804 1951 2836 3
1971 2804 2005 2826 a-

297 2841 333 2877 lii
347 2843 520 2879 vitriolum
539 2843 574 2878 δ(
587 2842 799 2886 arsenicum3
827 2840 986 2875 nonnulli
1001 2840 1140 2875 alumen
1156 2862 1166 2880 ,
1187 2838 1395 2889 magnesiam
1408 2862 1419 2880 ,
1438 2839 1667 2875 chalcantum.
1720 2838 1901 2874 Peritiores
1910 2837 2004 2886 judi-

298 2900 380 2926 cant
392 2914 402 2931 ,
428 2888 634 2939 aptissimurn
657 2888 724 2925 esse
746 2889 884 2936 sulphur
902 2888 938 2924 &
958 2889 1225 2937 hydrargyrum,
1241 2899 1364 2936 utpote
1380 2899 1455 2936 quae
1471 2887 1629 2923 constant
1645 2887 1855 2935 potissimum
1872 2897 2003 2934 tempe-

297 2949 455 2975 ramento
477 2939 636 2986 requisito
665 2939 709 2973 ad
729 2937 990 2987 generationem
1016 2937 1088 2972 auri
1108 2949 1119 2982 3
1144 2937 1393 2986 hydrargyrum
1417 2936 1509 2971 enim
1539 2935 1668 2983 potiori
1688 2947 1730 2971 ex
1749 2945 1843 2983 parte
1864 2936 2004 2970 conlur-

296 2987 347 3035 git
368 2999 411 3024 ex
430 2988 577 3024 humido
602 2985 722 3036 pingui
742 2986 777 3023 δε
805 2989 908 3021 a'ereo
935 2998 946 3032 3
974 2984 1114 3033 sulphur
1137 2996 1220 3023 vero
1249 2985 1396 3021 nascitur
1416 2995 1458 3021 ex
1478 2994 1573 3021 terrae
1586 2984 1799 3033 pinguedine
1812 2983 1848 3019 ὅ(
1869 2982 2001 3019 viscoli-

295 3043 377 3071 tate.

1856 3164 2003 3215 Qaeres
