2087 3610
631 231 1198 305 Philosophico-Politica.
1673 247 1765 308 187

146 314 333 354 Conclusio
350 313 509 349 secunda.
558 313 716 350 Flumina
725 316 879 353 minora,
895 314 944 349 uti
959 313 995 348 ὅ(
1010 312 1289 360 plurimisontes,
1300 309 1464 363 oriuntur
1473 323 1515 349 ex
1524 315 1619 362 aquis
1634 317 1763 364 pluvia-

49 365 139 403 libus
200 365 298 401 Ratio
315 363 380 402 est,
396 363 474 410 quia
484 372 623 397 montes
638 385 648 402 ,
663 373 788 410 utpote
797 363 855 410 qui
871 361 1192 397 babentmaximam
1213 359 1423 408 lupernciem
1439 382 1449 399 ,
1466 373 1508 396 ex
1524 364 1644 409 pluviis
1657 378 1697 401 ac
1712 369 1764 403 ni-

50 416 149 451 vibus
158 415 299 449 ebibunt
313 422 374 458 per
382 410 602 458 aperturas&
614 412 752 446 rimulas
767 411 918 446 multum
931 420 1027 457 aquae
1042 431 1053 448 ‚
1068 409 1194 456 quibus
1203 418 1291 443 terra
1305 407 1468 443 madescit
1485 410 1632 459 spongiae
1646 414 1764 463 instar3

8 495 9 498 ,
48 462 71 499 fi
81 475 162 511 ergo
171 462 241 498 talis
249 471 335 507 aqua
352 460 467 493 calore
481 459 621 494 interno
637 470 735 494 terrae
750 459 906 494 elevetur
920 458 954 492 in
969 468 1135 504 vaporem
1148 479 1160 496 ,
1177 456 1213 492 ὅ(
1226 458 1245 492 a
1258 458 1566 493 concameratione
1587 465 1762 500 montium

6 520 10 534 ¹
46 502 190 560 vapores
201 507 388 554 refrigerati
401 508 660 543 revertanturin
667 519 811 555 aquam,
828 515 996 554 poterunt
1004 503 1237 541 oririflumina
1244 505 1396 544 minora,
1405 504 1441 540 ὅ(
1450 506 1566 541 sontes
1574 509 1677 544 etiam
1687 523 1764 558 per-

49 569 174 598 ennes,
187 558 231 593 eo
245 557 341 604 quod
352 567 530 602 nunquam
538 555 764 591 consumatur
771 555 913 590 materia
922 565 1091 601 vaporum
1101 575 1112 592 ,
1121 563 1306 600 antequam
1316 554 1334 588 a
1343 553 1442 588 novis
1451 553 1574 600 pluviis
1584 556 1617 592 r&
1628 558 1763 596 nivibus

47 618 138 644 nova
152 605 288 641 materia
307 603 587 641 subministretur.
638 605 823 640 Secundo:
840 605 952 650 Aquae
967 601 1134 649 pluviae&
1145 601 1273 637 nivales
1282 601 1491 637 delabuntur
1498 614 1559 650 per
1572 605 1712 642 rimulas
1727 608 1765 646 ὅς

47 664 178 692 matus
192 654 282 688 inter
298 651 388 690 saxa,
403 651 508 687 &ubi
523 652 652 688 deinde
660 653 792 687 aditum
808 651 992 686 inveniunt
1003 671 1015 689 ,
1029 658 1227 697 erumpunt.
1279 650 1374 685 Hinc
1391 650 1464 690 est,
1477 653 1574 699 quod
1590 654 1687 690 multi
1702 656 1765 693 sint

6 730 7 735 ,
45 704 159 740 sontes
167 701 257 736 circa
273 700 449 734 montium
464 699 586 741 latera,
601 711 678 748 quae
687 701 815 747 hyeme
829 698 944 734 fluunt
952 699 1083 747 magis,
1096 709 1200 745 quam
1215 697 1345 738 aestate,
1358 698 1395 734 ὅ(
1412 698 1432 733 li
1447 700 1629 748 tempestas
1645 703 1682 739 lit
1694 705 1764 741 val-

4 770 7 785 f
42 749 197 788 deficca,
214 747 382 783 deficiunt
397 749 558 784 omnino.
608 749 742 784 Eodem
753 746 853 796 pa&o
862 745 951 782 fiunt
965 745 1193 795 saepelacusin
1209 747 1348 782 summis
1356 749 1554 789 montibus,
1566 752 1650 785 dum
1667 765 1764 801 aquae

3 791 6 837 J
36 796 406 846 >expluviis3tnivibus
421 793 609 830 confluunt
624 797 659 830 in
674 797 823 842 aliquem
838 795 958 831 locum
973 805 1172 830 concavum
1183 817 1195 835 ,
1216 794 1316 843 cujus
1330 796 1460 831 fundus
1473 798 1510 832 lit
1524 809 1567 832 ex
1580 810 1608 834 ai
1615 800 1695 849 gilla
1709 802 1764 838 vel

3 855 6 878 ἱ
34 845 344 892 -δίωωίηεῖπῳε
359 845 450 878 adeo
468 844 650 878 contineat
659 854 798 891 aquam..
851 844 1015 890 Denique
1027 854 1102 878 non
1118 853 1172 878 tot
1180 843 1334 879 visuntur
1345 842 1488 880 flumina
1502 845 1538 882 ὅ(
1554 847 1688 890 fonteS,
1703 851 1764 886 ubi

2 920 4 929 ,
38 894 394 933 nriluntimbresmt
409 892 442 926 in
451 891 636 940 AEthiopiae
646 891 904 929 solitudinibus,
918 892 1130 926 &interiore
1142 893 1275 932 Africa,
1287 892 1430 939 aliisque
1447 893 1593 935 inlocis,
1609 908 1685 944 quae
1699 899 1763 934 So-

2 945 5 960 τ
35 943 212 981 ΔῙὶςιτιίι)ῐ·ιτ
226 950 425 985 torrentur3
437 950 560 975 contra
573 951 659 975 vero
678 939 882 978 Germania,
893 937 1047 974 Gallia&
1059 938 1152 973 Italia
1160 940 1239 974 rivis
1254 941 1291 976 ὅ(
1306 940 1508 977 fluminibus
1524 943 1669 986 scatent,
1683 948 1764 995 quia

30 990 189 1028 ,humido
208 989 398 1025 irrorantur
408 988 514 1024 coelo.
566 988 648 1023 Huc
657 988 774 1023 referri
787 987 900 1035 potest
915 986 998 1021 illud
1009 1009 1021 1027 ,
1037 988 1134 1034 quod
1149 986 1261 1023 scribit
1277 986 1492 1025 doetissimus,
1508 991 1700 1030 Gasl’endus
1717 998 1764 1032 de

0 1030 3 1061 ,⁴
44 1038 263 1075 incremento
279 1037 354 1073 Nili
368 1047 438 1072 tam
452 1036 659 1075 admirabili,
669 1047 797 1084 nempe
809 1035 896 1071 illius
909 1034 1043 1070 causam
1061 1047 1134 1070 non
1148 1035 1247 1071 aliam
1263 1036 1329 1072 effe
1343 1059 1354 1077 ‚
1375 1039 1478 1085 quam
1488 1039 1617 1087 pluvias
1629 1065 1640 1082 ,
1656 1055 1731 1091 quae
1744 1045 1764 1080 a

0 1095 6 1124 i
31 1085 416 1133 -mediocirciterJunio
425 1086 467 1120 ad
475 1086 715 1132 Septembrem
731 1096 859 1132 usque,
877 1085 997 1132 vigent
1011 1085 1045 1119 in
1053 1084 1243 1132 AEthiopia.
1296 1086 1485 1122 Undenon
1500 1091 1649 1126 omnino
1659 1093 1763 1128 etiam

41 1135 88 1172 im
113 1134 274 1170 robabilis
287 1133 335 1169 est
350 1144 473 1169 eorum
491 1135 631 1181 opinio,
649 1133 707 1181 qui
722 1131 960 1168 dicuntessein
970 1143 1059 1168 terra
1073 1133 1235 1168 cavitates
1251 1133 1287 1169 ὅ(
1302 1132 1420 1170 alveos
1434 1139 1622 1183 quosdam,
1636 1142 1763 1188 quibus

0 1180 2 1201 ²
29 1146 520 1230 imssmexcipiantunatque
535 1183 709 1217 dimanare
723 1193 765 1216 ex
782 1181 846 1215 illis
862 1182 977 1216 sontes
987 1181 1172 1227 quidam&
1182 1180 1325 1217 flumina
1334 1183 1481 1220 minora.

0 1261 1 1272 ,
132 1229 325 1267 Conclusio
334 1230 444 1266 tertia.
487 1228 620 1276 Majora
628 1240 746 1266 tamen
756 1227 911 1269 flumina,
920 1229 1163 1276 obesioresque
1171 1230 1288 1265 fontes
1300 1230 1570 1281 &scaturigines
1579 1245 1622 1270 ex
1631 1235 1760 1283 pluvia·

38 1289 118 1317 mm
131 1278 299 1316 effiisione
308 1279 475 1314 duntaxat
483 1278 572 1314 nasci
586 1290 659 1314 non
668 1277 816 1326 possunt.
868 1278 970 1313 Ratio
979 1277 1026 1312 est
1035 1289 1054 1312 ι.
1063 1279 1144 1325 quia
1153 1278 1245 1316 nulla
1258 1279 1331 1314 sere
1347 1279 1462 1327 pluvia
1471 1292 1541 1317 tam
1560 1294 1685 1333 magna
1702 1285 1762 1327 est,

39 1335 80 1364 ut
93 1337 219 1364 terram
234 1327 454 1363 ultradecem
474 1328 581 1375 pedes
596 1327 629 1362 in
644 1326 861 1362 altitudinem
884 1326 1114 1371 madefaciat3
1131 1326 1187 1361 sed
1210 1327 1361 1375 superior
1373 1338 1471 1364 terrae
1485 1342 1561 1378 pars
1577 1344 1633 1367 ma
1660 1346 1702 1369 na
1718 1345 1763 1371 ex

114 1387 134 1412 e
148 1386 249 1412 terrae
264 1376 451 1411 humorem
467 1376 575 1411 ebibit
591 1398 601 1416 ,
617 1375 896 1424 &utpiurimum
909 1386 971 1422 per
988 1385 1160 1410 torrentes
1176 1375 1325 1411 effundit
1341 1377 1377 1412 in
1385 1375 1521 1418 fluvios.
1570 1393 1602 1415 2.
1618 1381 1644 1416 P
1658 1383 1762 1419 urimi

36 1453 37 1457 ,
68 1422 250 1461 durissimis
266 1423 348 1459 saxis
359 1433 548 1472 erumpunt
562 1424 696 1464 sonteS,
712 1425 771 1471 qui
785 1423 922 1459 colleffi
933 1434 974 1459 ex
983 1424 1148 1459 imbribus
1162 1423 1312 1460 essenon
1322 1425 1473 1473 possunt,
1483 1428 1565 1463 cum
1573 1441 1698 1477 aquam
1707 1431 1761 1467 so-

38 1471 105 1510 lida
112 1472 185 1508 saxa
200 1484 274 1508 non
285 1473 412 1508 bibant.
463 1484 486 1515 3.
497 1472 590 1519 Qia
599 1472 928 1508 inlocisadmodum
941 1472 1033 1507 ssecis
1043 1473 1137 1519 putei
1147 1484 1208 1520 per
1215 1473 1409 1509 ducentum
1424 1485 1484 1510 aut
1491 1479 1690 1514 trecentum
1699 1491 1760 1527 pe-

38 1522 122 1558 dum
137 1521 238 1570 spatia
252 1522 288 1556 in
300 1520 407 1556 altum
422 1520 550 1560 effossi,
568 1521 752 1556 inveniunt
767 1532 932 1568 aquarum
949 1520 1067 1555 obesas
1081 1532 1187 1556 venas
1201 1522 1237 1556 in
1249 1524 1292 1556 'ea
1308 1523 1548 1569 profunditate
1561 1548 1572 1566 ,
1592 1527 1639 1561 ad
1652 1539 1761 1574 quam

37 1569 218 1619 pluviatilis
228 1570 357 1604 humor
368 1580 439 1603 non
449 1570 625 1616 pervenit,
643 1579 680 1604 ut
689 1569 792 1617 paulo
807 1579 888 1604 ante
901 1568 1047 1607 dictum.
1100 1570 1282 1618 Denique,
1298 1580 1338 1606 ut
1353 1572 1444 1607 bene
1456 1572 1612 1610 observat
1628 1576 1759 1612 Aristo-

38 1617 142 1659 teles,
153 1618 291 1654 videtur
306 1615 511 1665 impossibile
525 1617 592 1652 esse
605 1641 615 1658 ‚
629 1627 760 1654 tantam
774 1640 784 1657 ,
799 1627 942 1665 tamque
954 1618 1134 1667 ingentem
1149 1618 1308 1665 quotidie
1323 1618 1361 1656 ὃς
1374 1621 1602 1659 continenter
1616 1621 1758 1662 fluentis

37 1678 133 1716 aquae
152 1667 290 1714 copiam
306 1677 348 1701 ex
362 1666 528 1701 imbribus
544 1667 711 1701 duntaxat
727 1667 896 1714 generari.

131 1713 324 1753 Conclusio
338 1723 468 1762 quarta.
518 1715 605 1750 Non
622 1714 848 1762 improbabile
861 1714 927 1754 est,
946 1713 1081 1762 aliquos
1098 1714 1216 1752 fontes
1225 1715 1329 1752 etiam
1336 1720 1758 1765 perennes,uti&min0.

38 1775 74 1800 ra
85 1762 247 1803 flumina,
255 1763 336 1798 oriri
345 1774 388 1798 ex
395 1768 474 1798 ae‘re
486 1764 670 1811 vaporibus
679 1764 713 1798 in
722 1775 844 1811 aquam
862 1763 1050 1803 conversis,
1061 1763 1150 1799 intra
1165 1764 1254 1800 finus
1263 1775 1360 1801 terrae
1369 1767 1416 1801 ob
1424 1767 1646 1817 frigiditatem
1656 1782 1756 1806 nern-

37 1823 81 1862 pe
94 1812 186 1848 istius
194 1811 264 1848 loci
278 1811 469 1846 addensatis
477 1834 487 1851 ,
502 1823 577 1859 quoe
587 1812 715 1847 deinde
724 1824 811 1860 aqua
820 1812 856 1846 in
867 1823 976 1846 unum
985 1811 1137 1860 aliquem
1146 1812 1261 1848 lacum
1270 1815 1488 1862 capaciorem
1499 1815 1533 1852 ὅ(
1545 1816 1756 1856 subterrane-

38 1872 97 1897 um
115 1860 253 1910 specum
268 1860 394 1900 fertur,
409 1869 479 1895 tam
490 1861 549 1895 diu
561 1861 597 1895 in
608 1861 736 1895 eodem
755 1871 997 1899 commorans,
1014 1861 1130 1897 donec
1137 1859 1332 1898 accessione
1345 1864 1553 1900 continente
1564 1865 1699 1913 majore
1707 1869 1756 1904 sa.

37 1909 177 1946 &aleco
187 1909 304 1956 aliquo
314 1918 517 1956 opportuno
533 1919 703 1956 erumpat,
712 1910 755 1944 ita
765 1911 871 1944 docet
880 1908 1078 1944 Aristoteles
1088 1919 1200 1948 umet.
1209 1922 1233 1956 3.
1255 1911 1358 1947 Ratio
1371 1912 1418 1948 est
1425 1924 1451 1951 1.
1466 1914 1544 1961 quia
1552 1915 1670 1951 multae
1680 1916 1756 1953 sub-

39 1967 200 1994 terraneae
208 1958 334 1992 dantur
341 1967 466 2004 cryptae
475 1980 486 1998 ,
502 1958 536 1992 in
546 1958 670 2004 quibus
679 1957 779 1993 aer&
789 1968 934 2006 vapores
949 1957 985 1992 in
993 1969 1116 2006 aquam
1125 1960 1283 1995 converti
1293 1959 1447 2008 possunt,
1457 1963 1598 2010 quando
1613 1964 1709 2011 possu
1715 1974 1755 2002 nt

36 2005 138 2054 aliqui
152 2006 268 2041 fontes
278 2005 367 2041 exiis
375 2006 547 2041 continuo
563 2004 731 2041 scaturire.
790 2006 831 2041 Et
845 2004 1099 2042 confirmatura
1115 2008 1185 2054 pari
1201 2007 1268 2044 :fic
1281 2010 1441 2045 videmus
1449 2016 1564 2046 aerem
1574 2013 1616 2047 ad
1623 2013 1752 2049 vitreas

37 2053 194 2091 fenestras
208 2054 430 2093 condensari,
445 2054 481 2091 ὅ(
491 2055 633 2090 tandem
643 2054 838 2103 inguttulas
847 2065 945 2102 aquae
960 2053 1100 2095 resolvi,
1114 2057 1159 2091 ita
1173 2065 1212 2091 ut
1225 2057 1309 2092 hinc
1325 2069 1399 2093 non
1413 2059 1490 2094 raro
1506 2060 1676 2097 interram
1690 2063 1752 2098 de·

37 2101 137 2144 fluat,
146 2114 231 2153 ergo
249 2103 342 2138 idem
360 2101 433 2137 fieri
449 2103 580 2150 poterit
588 2103 622 2138 in
633 2102 800 2151 specubus
809 2102 1049 2143 subterraneis,
1062 2104 1122 2151 qui
1133 2104 1293 2142 alembici
1308 2106 1509 2143 distilla-torii
1524 2111 1753 2147 naturamha-

36 2152 128 2188 bent.
178 2164 208 2190 2.
223 2150 391 2186 Probatur
399 2151 589 2187 Conclusio
597 2163 640 2187 ex
648 2151 714 2200 ipsa
729 2153 814 2187 aeris
830 2153 967 2192 natura,
980 2151 1040 2199 qui
1048 2153 1131 2188 cum
1147 2153 1184 2188 lit
1192 2153 1321 2190 calidus
1337 2155 1549 2192 &humidus
1561 2157 1680 2194 amisso
1692 2170 1752 2196 ca-

35 2199 329 2236 lorehumiditatis
340 2199 496 2246 symbolo
504 2201 757 2236 convenitcum
767 2212 872 2248 aqua,
885 2200 974 2236 &ita
988 2200 1086 2236 facile
1100 2201 1135 2236 in
1150 2212 1226 2236 eam
1248 2213 1411 2240 mutatur.
1460 2217 1486 2251 3.
1499 2206 1696 2243 Absurdum
1712 2219 1751 2244 e-

38 2247 120 2285 tiam
129 2248 193 2288 est,
209 2258 249 2284 ut
257 2248 387 2295 inquit,
402 2260 474 2283 non
484 2259 527 2283 ex
538 2249 659 2284 eadem
669 2249 765 2284 causa
780 2250 813 2284 in
823 2259 909 2284 terra
918 2249 998 2284 oriri
1007 2249 1102 2296 posse
1113 2262 1256 2298 aquam,
1270 2263 1313 2287 ex
1325 2264 1396 2300 qua
1410 2252 1508 2302 super
1521 2264 1648 2292 terram
1662 2256 1700 2293 ὅ(
1714 2257 1753 2294 in

36 2297 240 2333 aereoritur.
289 2309 325 2343 4.
340 2298 483 2332 demum
493 2319 503 2337 ,
519 2299 616 2344 quod
632 2297 838 2345 plerumque
847 2309 890 2333 ex
903 2299 1082 2334 montibus
1091 2298 1366 2347 conspiciantur,
1382 2303 1501 2351 egredi
1514 2303 1750 2341 fontes&flu-

34 2345 126 2381 mina
133 2367 145 2385 ·,
160 2356 244 2394 ergo
254 2344 300 2393 sig
307 2356 391 2380 num
409 2344 455 2380 est
465 2345 553 2381 intra
567 2345 800 2381 sinusillorum
812 2369 821 2386 ,
839 2346 910 2381 dari
925 2358 1091 2393 aquarum
1105 2349 1370 2396 generationem
1384 2361 1428 2385 ex
1441 2352 1626 2400 vaporibus
1642 2353 1750 2389 colle-

35 2390 106 2430 ἃίε.
154 2394 259 2429 Unde
272 2393 374 2441 aliqui
387 2404 460 2428 non
477 2394 592 2442 inepte
605 2405 746 2429 montes
759 2395 999 2434 contendunt,
1016 2404 1055 2430 ut
1069 2395 1173 2443 paulo
1188 2407 1269 2432 ante
1284 2399 1528 2435 annotavaus
1542 2423 1553 2441 ,
1567 2400 1633 2436 esse
1647 2401 1748 2438 instar

36 2440 207 2481 alembici,
224 2442 281 2477 ubi
296 2443 466 2488 vaporesa
475 2442 697 2478 subterraneis
707 2444 843 2492 ignibus
853 2442 1071 2490 suppositisin
1079 2443 1186 2479 altum
1195 2444 1336 2487 elevati,
1349 2448 1612 2497 refrigerantur,
1626 2451 1749 2487 tamab

37 2489 166 2526 interna
173 2491 285 2525 forma
297 2501 410 2538 aquae,
425 2502 527 2538 quam
537 2492 555 2526 a
571 2491 715 2527 naturali
729 2493 857 2541 frigore
871 2493 1039 2527 saxorum.

130 2537 318 2574 Conclusio
333 2540 462 2586 quinta.
515 2540 866 2576 Deomnibustamen
882 2540 1036 2576 fontibus
1046 2540 1082 2576 ὃ(
1096 2539 1297 2577 fluminibus
1311 2542 1498 2590 majoribus
1513 2546 1579 2582 dici
1595 2559 1668 2582 non
1682 2558 1747 2595 po-

35 2585 113 2627 test,
127 2597 165 2622 ea
172 2598 214 2622 ex
222 2592 301 2622 ae're
310 2587 524 2634 &vaporein
533 2600 657 2635 aquam
677 2588 792 2624 solutis
800 2589 832 2638 gi
861 2589 906 2624 ni.
959 2589 1059 2625 Ratio
1068 2589 1132 2630 est,
1145 2590 1225 2637 quia
1232 2599 1326 2626 tanta
1334 2592 1525 2629 multitudo
1532 2607 1698 2643 aquarum
1710 2597 1748 2633 in

34 2633 188 2671 fontes&
205 2633 329 2670 fluvios
338 2636 423 2675 abit,
439 2646 478 2671 ut
487 2637 543 2671 vix
552 2635 706 2672 sufficere
716 2637 760 2672 illi
776 2640 836 2686 pos
851 2647 885 2672 et
893 2638 1041 2673 maxima
1054 2649 1131 2685 pars
1139 2639 1242 2678 aeris,
1256 2641 1440 2687 praesertim
1459 2654 1541 2678 cum
1556 2649 1615 2679 ae'r
1622 2655 1747 2692 parum

36 2681 73 2718 in
85 2682 117 2718 se
130 2695 225 2732 aquae
233 2683 269 2720 ὅ(
277 2694 373 2719 terrae
381 2695 575 2722 convertat.
627 2686 721 2721 Hinc
730 2687 771 2721 ad
782 2698 919 2734 parvam
936 2697 1031 2733 aquae
1040 2687 1268 2734 quantitatem
1277 2691 1527 2736 procreandam
1547 2692 1659 2728 multo
1669 2693 1745 2740 plu-

38 2731 180 2767 mai'ris
218 2742 306 2768 artes
322 2732 396 2768 sunt
410 2732 612 2769 necessariae.
662 2747 692 2769 2.
711 2735 749 2769 ln
758 2735 963 2782 quibusdam
974 2735 1173 2783 regionibus
1190 2737 1410 2773 ardoreSolis
1426 2739 1585 2785 perustis,
1601 2741 1746 2787 ubiper-

38 2778 153 2829 exigua
167 2791 187 2815 e
223 2792 391 2828 vaporum
412 2782 531 2829 copia,
549 2781 707 2823 flumina,
724 2783 909 2831 fontesque
925 2784 1141 2819 exoriuntur.
1207 2796 1230 2830 3.
1255 2786 1409 2834 Qidam
1431 2786 1533 2829 ¹fluvii
1553 2787 1748 2836 ampliflimi

37 2825 123 2869 sunt,
135 2840 168 2865 v.
179 2841 212 2877 g.
224 2827 349 2864 fluvius
358 2829 624 2879 Maragnonius,
638 2842 744 2879 quem
753 2830 850 2878 ajunt
868 2843 1057 2867 exonerare
1073 2833 1105 2867 se
1119 2833 1153 2868 in
1162 2844 1258 2868 mare
1272 2845 1334 2882 per
1346 2835 1470 2870 ostium
1485 2846 1541 2881 70.
1557 2836 1672 2873 leucas
1687 2850 1748 2886 pa-

35 2883 120 2912 tens.
169 2876 241 2912 Nili
256 2876 351 2913 fluvii
369 2877 502 2913 vastitas
520 2879 653 2914 constat
675 2891 718 2915 ex
733 2880 974 2929 magnitudine
987 2880 1154 2917 ostiorum
1171 2880 1244 2928 ejus
1257 2905 1268 2923 ,
1283 2894 1359 2931 quae
1374 2884 1450 2919 sunt
1465 2883 1591 2932 septem
1606 2896 1666 2922 aut
1680 2898 1747 2922 no-

33 2934 128 2964 vem,
140 2925 195 2961 vel
218 2935 256 2961 ut
274 2926 319 2961 ait
337 2928 507 2960 Gamelmus
525 2931 627 2977 Tyrius
641 2951 651 2967 ‚
671 2938 821 2976 quatuor
837 2938 992 2969 tantum,
1008 2928 1065 2965 sed
1081 2929 1126 2965 ita
1141 2931 1348 2978 grandia,ut
1361 2933 1544 2968 videantur
1553 2933 1620 2969 esse
1633 2935 1752 2977 maria,

33 2971 244 3058 gres-egem,
260 2984 364 3059 αῑςυᾶ
373 2975 577 3059 ageqtotius
584 2976 656 3013 fere
669 2977 793 3013 mundi
807 2982 882 3018 aer,
895 2977 930 3014 ὅ(
939 2989 1047 3026 vapor
1055 2979 1098 3014 ad
1114 2979 1242 3016 horum
1258 2981 1523 3028 generationem
1538 2981 1749 3021 insufficiens

82 3030 102 3056 e
117 3032 149 3057 vi
174 3032 279 3063 eatur.
367 3035 388 3059 n
416 3035 436 3059 e
461 3034 497 3060 it.

861 3177 921 3212 Aa
944 3188 966 3213 2
1647 3177 1747 3216 Con-
