2087 3610
339 250 442 319 264
1014 243 1377 321 Meteorologia

341 327 492 375 Ophites
503 323 550 362 est
557 333 709 362 marmor
715 320 858 362 maculis
873 325 1068 374 serpentum
1085 326 1199 365 fimile.
1247 325 1469 374 Porphyrites
1479 319 1525 362 est
1533 332 1685 362 marmor
1692 321 1806 363 rubeis
1814 325 1851 363 δε
1863 321 1953 375 quasi
1961 336 2040 365 can·
2078 371 2085 375 ‚

339 377 428 411 didis
443 374 585 410 maculis
593 373 806 419 distintstum3
821 375 877 409 seu
894 375 1009 421 potius
1023 374 1136 410 rubeis
1149 386 1230 411 cum
1239 374 1380 410 maculis
1395 375 1685 413 internitentibus.
1740 374 1891 411 Colores
1905 388 1989 412 vero
2003 376 2041 412 hi

336 424 419 460 varii
433 434 647 460 marmorum
656 422 821 457 distributi
837 422 903 458 five
911 432 1072 469 tanquam
1082 434 1178 458 venae
1187 445 1198 462 ,
1219 422 1285 458 sive
1302 432 1340 457 ut
1348 422 1489 458 maculae
1504 422 1579 458 sunt
1587 434 1629 457 ex
1643 423 1731 458 succi
1746 423 1874 459 diversa
1886 423 2041 472 percola·
2078 425 2082 428 ’

338 473 437 508 tione
446 470 570 507 scilicet
584 482 645 518 per
659 469 826 505 diversum
842 470 978 511 colum,
994 469 1047 506 vel
1062 470 1223 506 cribrum.
1273 470 1444 519 Analogia
1458 471 1553 506 estin
1568 469 1671 511 laete,
1692 471 1795 518 chylo
1810 471 1846 507 ὅ(
1861 471 2042 520 sanguine,

336 531 492 568 quorum>
504 519 602 555 color
617 518 766 554 diversus
780 528 823 553 ex
836 517 962 554 diversa
978 518 1215 567 percolatione
1228 518 1392 554 statuitur.
1442 518 1626 554 Coeterum
1640 519 1743 555 etiam
1759 519 1878 555 succus
1891 520 1908 564 (
1916 521 1999 557 utin
2006 533 2041 569 q.
2068 515 2085 556 ,'

333 579 434 616 praec.
451 567 717 612 annotavimus)
732 565 903 602 mineralis
917 566 1066 602 diversus
1081 589 1092 606 ,
1107 567 1162 603 vel
1177 566 1347 602 mineralis
1360 565 1530 602 exhalatio
1540 567 1573 601 in
1589 567 1695 614 ipsum
1712 568 1849 603 succum
1864 567 2040 615 lapideum
2074 567 2084 613 J

334 626 416 653 ante
431 616 695 652 concretionem
712 614 864 654 subiens,
879 613 973 650 reike
983 614 1108 650 dicitur
1121 615 1287 650 inducere
1301 615 1450 651 diversos
1459 615 1605 651 colores.
1656 617 1764 664 Qod
1773 614 1968 652 confirmari
1976 629 2039 665 po-

333 664 397 701 test
412 676 453 700 ex
470 676 531 704 eo,
547 663 644 710 quod
659 662 746 711 ignis
761 662 794 697 vi
810 661 965 711 plerique
977 663 1105 711 lapides
1118 663 1182 699 suis
1198 662 1375 699 coloribus
1388 673 1557 699 exuantur
1569 685 1580 704 ,
1593 663 1695 711 igitur
1703 665 1854 700 extranei
1864 675 1960 700 erant
1971 688 1982 706 ,
2001 665 2039 703 δε
2076 695 2080 698 .

280 726 283 729 ⁴
331 712 407 749 non
422 709 717 759 exintimalapidis
732 720 861 746 natura.

428 803 590 851 Quaeres,
604 801 679 849 quis
701 800 738 836 sit
748 801 875 836 modus
892 813 1045 838 marmor
1057 801 1254 851 laevigandi?
1269 800 1494 848 Respondeo,
1508 800 2040 851 laevigari&poliriatenamujm,
2070 807 2075 811 ’

330 850 464 887 ειῆἲίἃυ
474 859 629 886 exrantes
637 849 810 898 particulae
821 859 1030 890 atteruntur,
1049 862 1129 886 cum
1145 851 1238 886 enirn
1247 861 1313 897 prae
1323 850 1446 885 duritie
1458 848 1605 896 majores
1613 851 1785 899 particulae
1792 853 1906 887 excuti
1914 853 1968 888 vel
1977 854 2036 888 de-

330 899 399 936 cidi
414 911 486 934 non
496 895 638 946 poffint,
651 897 782 933 affrffi’m
797 898 944 934 arenulae
961 899 1114 933 minores
1131 899 1353 934 excutiuntur
1367 920 1378 938 ,
1393 899 1444 932 hae
1459 905 1610 946 namque
1619 899 1767 939 facilius,
1782 901 1887 947 quam
1899 899 1963 936 illae
1976 902 2037 937 de·
2061 935 2064 938 ,

329 947 400 987 cidi.
414 946 561 995 possunt.
612 947 808 982 Adhibetur
822 946 924 981 etiam
939 947 1084 986 humor,
1099 958 1169 1002 quo
1185 946 1308 983 scilicet
1322 958 1424 982 arena
1431 945 1620 995 subigatur,
1630 947 1665 984 ὅ(
1680 957 1881 990 maceretur,
1896 949 2033 991 uts'aci-

327 994 393 1031 lius
411 996 476 1031 sese
491 996 526 1032 in
535 994 696 1031 cavitates
713 992 784 1030 illas
799 994 962 1036 insinuet,
977 1006 1052 1043 quae
1072 995 1272 1043 dejiciendae
1290 995 1376 1030 sunt.

334 1129 335 1134 ¹
424 1083 612 1122 Conclusio
627 1098 658 1121 2.
715 1092 766 1121 Cos
787 1084 870 1133 lapis
892 1083 940 1121 est
961 1085 1102 1125 solidus,
1116 1086 1229 1122 nitore
1244 1096 1363 1121 carens
1378 1107 1389 1125 ,
1418 1084 1454 1121 <Sc
1469 1084 1618 1134 granulis
1633 1085 1810 1127 constans,
1830 1084 1929 1134 cujus
1946 1088 1982 1123 in
2000 1099 2037 1125 a.

327 1136 468 1170 cuendo
485 1135 576 1169 ferro
591 1133 668 1169 usus
683 1133 740 1171 est.
792 1131 906 1181 Hujus
915 1133 1039 1182 species
1048 1133 1095 1168 est
1104 1134 1232 1168 Coticula
1241 1133 1295 1169 seu
1305 1133 1409 1182 Lydius
1418 1134 1499 1181 lapis
1509 1156 1519 1173 ,
1535 1145 1605 1181 quo
1615 1134 1750 1170 metalla
1763 1134 1921 1182 affricata,
1930 1135 2034 1173 fince-
2083 1150 2087 1160 ι

326 1193 363 1218 ra
377 1183 418 1218 ab
426 1182 623 1219 adulterinis
638 1180 898 1231 dignoscuntur.
950 1182 1116 1230 Optimus
1131 1181 1288 1217 censetur
1301 1205 1311 1222 ,
1326 1182 1545 1229 quihominis
1567 1182 1673 1217 halitu
1690 1182 1846 1230 protinus
1863 1184 1958 1219 sudat
1972 1196 2036 1221 nu.

332 1231 484 1278 bemque
495 1229 639 1268 discutit.
691 1227 895 1266 Duriffimus
909 1230 956 1265 est
970 1242 1012 1266 ex
1026 1230 1141 1277 plexu.
1191 1229 1308 1265 Habet
1323 1230 1518 1266 denticulos
1535 1229 1745 1265 acutiffimos
1759 1231 1853 1268 velut
1870 1229 2035 1268 subtilissi-

325 1291 384 1314 ma
402 1278 482 1314 lima
497 1301 507 1319 ,
527 1290 601 1326 quae
614 1277 720 1314 taetui
731 1279 776 1314 ob
795 1278 1011 1314 subtilitatem
1025 1277 1137 1326 aspera
1151 1290 1223 1313 non
1239 1279 1385 1314 videtur.
1435 1278 1911 1327 Aspergituraquacoti,utin
1922 1292 1960 1315 ea
1968 1282 2036 1326 ier-

325 1339 404 1363 rum
421 1325 607 1375 subigatur,
624 1325 821 1374 complanat
834 1326 925 1362 enirn
940 1328 1070 1362 humor
1085 1325 1233 1373 majores
1248 1326 1317 1371 illas
1333 1327 1542 1374 asperitates,
1557 1326 1709 1374 alioquin
1726 1328 1870 1363 nimium
1884 1329 2035 1375 partium
2072 1370 2075 1371 ⁷

323 1375 468 1424 stragem
482 1376 581 1420 facit3
596 1376 668 1410 imo
683 1385 721 1410 ut
735 1375 845 1410 lenius
853 1375 943 1411 acies
960 1385 1144 1411 exacuatur
1158 1398 1167 1415 ‚
1188 1376 1263 1411 Cos
1277 1377 1419 1424 ungitur
1432 1375 1522 1409 oleo.
1558 1374 1658 1422 Lapis
1676 1376 1733 1411 nic
1747 1385 1905 1425 tempore
1914 1376 2033 1415 Theo·
2061 1418 2067 1421 ,

294 1449 297 1451 -
322 1422 448 1473 phrasti
457 1424 493 1459 in
502 1421 633 1459 Tmolo
652 1423 910 1469 inveniebatur3
925 1424 961 1459 in
974 1424 1053 1460 rivis
1062 1424 1312 1459 Hildisheirniis
1326 1424 1433 1459 hodie
1448 1423 1483 1459 δε
1494 1422 1730 1459 Goselarianis.
2047 1428 2051 1433 '

422 1513 611 1550 Conclusio
624 1513 734 1550 tertia.
783 1515 861 1548 Saex
873 1513 920 1549 est
934 1512 1016 1561 lapis
1033 1513 1158 1549 solidus
1173 1513 1209 1550 &
1224 1524 1398 1549 marmore
1411 1513 1539 1549 durior.
1591 1513 1751 1549 Diversos
1775 1513 1911 1552 colores
1927 1513 2034 1552 habet
2062 1513 2067 1533 ’-

322 1561 359 1598 &
368 1562 549 1598 mixturam
565 1562 665 1610 opaci
675 1574 755 1597 cum
767 1563 937 1610 diaphano
947 1563 993 1598 ob
1004 1562 1255 1609 dispofitionem
1265 1563 1392 1597 variam
1401 1561 1640 1610 particularum
1654 1574 1694 1597 ex
1704 1562 1950 1610 percolatione.
1959 1565 2031 1600 Va·
2063 1563 2085 1592 ’κ

319 1610 393 1647 lide
400 1611 499 1646 resilit
508 1608 681 1659 proje&us
689 1633 699 1650 ,
717 1610 880 1645 nimirum
890 1621 1031 1659 propter
1040 1612 1198 1646 duritiem
1209 1610 1376 1646 elasticam
1385 1623 1465 1646 cum
1476 1622 1541 1645 nec
1556 1613 1655 1646 cedat
1664 1634 1672 1650 ,
1682 1623 1747 1646 nec
1761 1612 2031 1648 comminuatur.
2048 1612 2064 1629 ⁷·

322 1658 533 1695 Fert-amenti
544 1658 674 1695 incussu
683 1658 770 1707 ignis
780 1659 892 1694 elicitu
898 1670 923 1697 r,
975 1660 1077 1694 Unde
1086 1669 1267 1694 revocatur
1276 1661 1318 1694 ad
1325 1670 1436 1707 genus
1445 1658 1595 1706 lapidum
1606 1662 1709 1707 Pyrites
1717 1660 1845 1694 dietum
1855 1683 1865 1700 ,
1875 1662 1930 1707 qui
1948 1662 2030 1698 cha·
2078 1682 2080 1686 ·

318 1705 580 1756 lybepercussus
590 1706 745 1743 scintillas
755 1707 843 1757 ignis
853 1707 934 1742 edit.
985 1708 1138 1755 Qidam
1151 1707 1268 1742 Silices
1281 1708 1474 1755 liquescunt
1492 1709 1537 1743 ob
1552 1708 1732 1742 mixturam
1743 1708 1841 1743 vitrei
1857 1709 1957 1744 succi.
2064 1720 2066 1722 ·

417 1796 607 1834 Conclusio
616 1807 745 1846 quarta.
798 1796 947 1846 Lapides
956 1797 1068 1844 porofi
1083 1797 1175 1836 sunt,
1191 1797 1249 1845 qui
1267 1808 1309 1833 ex
1318 1797 1457 1833 materia
1466 1809 1538 1832 non
1554 1795 1653 1833 valde
1668 1797 1848 1846 compasta
1860 1792 2028 1841 constant,
2076 1833 2077 1836 ,

318 1845 473 1894 ideoque
488 1856 599 1893 partes
615 1847 743 1881 habent
760 1857 859 1881 raras.
910 1843 1011 1881 Tales
1025 1842 1398 1892 suntTophus&Pumex.
1449 1846 1518 1882 Hic
1531 1845 1612 1893 lapis
1628 1845 1673 1881 est
1681 1847 1787 1881 rarior
1796 1849 1942 1896 spongiae
1953 1860 2028 1883 mo-

317 1895 365 1942 do
382 1893 565 1935 fistulosus,
583 1895 677 1930 unde
693 1899 770 1929 aere
778 1905 884 1941 poros
893 1894 1051 1942 oppletos
1060 1895 1174 1929 habet.
1225 1893 1617 1942 Hincinnatataquae,&
1632 1894 1749 1929 Infulis
1763 1898 1957 1931 natantibus
1965 1908 2030 1945 pro

319 1943 553 1979 fundamento
564 1943 621 1981 est,
670 1943 718 1978 Vi
732 1942 854 1990 caloris
864 1941 1068 1991 plerumque
1083 1943 1290 1983 concrescit,
1307 1952 1488 1990 propterea
1502 1954 1544 1978 ex
1559 1944 1736 1979 montibus
1752 1943 1938 1992 ignivomis
1952 1956 2028 1981 eru-

316 1990 399 2027 &tari
418 1992 509 2029 solet.
561 1991 618 2026 Ad
634 1990 860 2039 laevigandum
874 1991 974 2026 valde
989 1992 1275 2027 accommodatus
1292 1989 1337 2026 est
1349 2014 1360 2031 ,
1381 1991 1436 2026 sua
1455 1991 1547 2027 enim
1563 1991 1737 2039 asperitate
1750 1991 1786 2027 <Sc
1806 1993 2026 2034 comminuto

317 2039 460 2088 pulvere
468 2049 621 2075 extantes
630 2040 809 2074 marmoris
818 2049 928 2087 partes
944 2039 1152 2086 complanat.
1201 2040 1314 2087 ‘Tophus
1328 2039 1466 2088 spongia
1481 2040 1564 2074 item
1579 2039 1709 2087 lapidea
1723 2039 1770 2074 est
1783 2062 1793 2080 ,
1811 2041 1865 2075 sed
1881 2042 2026 2084 densior,

292 2122 295 2125 .
316 2088 686 2137 graviorquepumice,
702 2088 796 2123 unde
806 2100 877 2123 non
888 2097 927 2123 ut
936 2088 1029 2135 prior
1044 2088 1140 2135 aquis
1156 2087 1302 2128 innatat,
1319 2089 1556 2133 percolatione
1573 2087 1780 2128 concrescit,
1796 2087 1973 2125 defluente
1992 2097 2028 2126 ez·

318 2136 390 2171 nim
405 2148 491 2184 aqua
507 2137 723 2184 relinquntur
737 2136 1067 2184 particulaelapideae.
1118 2136 1173 2171 Sic
1195 2147 1237 2171 ex
1247 2136 1377 2182 Topho
1398 2146 1646 2172 concameratae
1675 2136 1879 2184 plerumque
1902 2137 2020 2186 specus
2069 2177 2071 2182 A

318 2184 411 2224 sunt,
427 2197 468 2220 ex
484 2186 608 2232 quibus
622 2197 708 2233 aqua
723 2184 866 2219 distillat.
916 2184 1115 2233 Frigidusne
1131 2184 1184 2224 fit,
1200 2196 1242 2220 an
1259 2183 1387 2220 calidus
1398 2206 1409 2225 ,
1423 2185 1618 2233 disputatur.
1669 2184 1753 2220 Hoc
1767 2183 1946 2221 Cardanus
1965 2188 2022 2222 ad·

316 2233 429 2273 struit,
446 2245 550 2281 quem
565 2234 690 2269 refutat
699 2233 847 2281 Scaliger
857 2233 1034 2280 inquiens:
1049 2234 1084 2267 T
1078 2232 1182 2280 opham
1189 2232 1319 2266 calidum
1332 2232 1396 2279 effe,
1410 2238 1474 2279 quis
1485 2231 1542 2266 tibi
1551 2231 1652 2270 dtzrt'tff
1666 2245 1738 2266 nam
1751 2233 1935 2282 nequcgustu
1947 2257 1958 2276 ,
1974 2248 2024 2270 ne.

314 2294 371 2328 que
384 2283 479 2322 taffu,
494 2295 586 2329 neque
595 2281 709 2316 medica
722 2286 898 2329 experientia
910 2281 944 2315 fd
956 2282 1003 2315 vel
1014 2286 1186 2321 inventum,
1199 2283 1249 2315 vel
1258 2292 1402 2329 repertum
1417 2280 1462 2326 est
1512 2281 1657 2319 Exercit.
1667 2291 1716 2326 57.

413 2372 601 2409 Conclusio
611 2373 741 2420 quinta.
792 2372 939 2420 Lapides
956 2383 997 2407 ex
1006 2371 1140 2407 laminis
1156 2371 1328 2420 compaffi
1343 2372 1510 2407 variarum
1530 2371 1714 2418 specierum
1733 2370 1818 2407 sunt.
1826 2383 1849 2407 r.
1867 2370 2024 2418 Petrostilbe

314 2420 421 2469 vulgo
433 2425 572 2469 Lavagna
588 2433 629 2456 ex
639 2420 771 2456 laminis
787 2420 994 2460 concrescit,
1009 2420 1087 2467 quia
1101 2420 1208 2467 prima
1217 2421 1397 2456 concretio
1407 2420 1445 2455 fit
1453 2420 1558 2455 veluti
1572 2420 1606 2454 in
1623 2420 1777 2455 subtilem
1786 2420 1930 2457 crustam
1939 2433 2022 2457 exu-

316 2471 420 2504 dante
429 2469 540 2517 supra,
557 2469 874 2517 instaquehumore
885 2481 896 2514 3
909 2479 993 2503 mox
1008 2480 1119 2504 novus
1130 2468 1247 2503 succus
1261 2468 1450 2516 lapidificus
1461 2469 1664 2516 expanditur
1678 2468 1714 2504 ὅ(
1728 2468 1889 2504 accrescit
1903 2469 2020 2518 primae

314 2517 443 2554 crustae.
491 2518 599 2566 Nigra
616 2518 680 2558 est,
690 2519 784 2552 unde
792 2529 878 2564 aqua
894 2528 954 2564 per
962 2518 1115 2552 fodinam
1124 2516 1339 2553 Petrostilbes
1348 2515 1457 2552 fluens
1468 2517 1514 2552 est
1524 2517 1622 2552 valde
1631 2525 1718 2556 atra,
1732 2517 1766 2553 ὃ(
1777 2518 1930 2558 turbida,
1942 2518 2020 2566 quia
2058 2555 2061 2561 Α

315 2566 461 2602 cumhic
470 2565 552 2612 lapis
561 2567 602 2601 ab
611 2566 761 2601 humore
770 2565 867 2600 facile
877 2564 1063 2613 subigatur,
1073 2564 1217 2600 multam
1235 2566 1474 2612 particularum
1483 2566 1553 2600 vim
1563 2577 1650 2613 aqua
1658 2564 1889 2612 praeterfluens
1905 2566 2019 2602 secum

313 2614 470 2662 asportat.
495 2614 591 2651 Hinc
600 2614 619 2649 s1
629 2614 756 2649 deinde
763 2625 847 2661 aqua
855 2613 1015 2660 praedi&a
1023 2613 1170 2661 quiescat
1178 2635 1187 2653 ,
1196 2610 1423 2661 limpidiffima
1433 2614 1467 2649 ὅ(
1479 2613 1692 2649 saluberrima
1701 2613 1829 2654 evadit,
1838 2614 2018 2662 corpuscu·
2068 2636 2071 2650 l

312 2662 345 2697 la
352 2663 446 2697 enim
457 2662 574 2709 lapidis
584 2663 630 2697 ob
639 2663 840 2710 gravitatem
853 2662 942 2696 suam
954 2661 1112 2696 deorsum
1122 2662 1299 2697 tendentia
1312 2661 1457 2709 reliquas
1474 2662 1574 2696 etiam
1586 2661 1698 2696 sordes
1710 2661 1821 2697 secum
1836 2661 2017 2710 asportant.
2067 2665 2070 2702 ἷ

314 2710 402 2745 Usus
412 2708 441 2756 ej
447 2722 484 2745 us
494 2710 673 2758 praesertim
682 2711 725 2745 ad
733 2709 821 2745 reeta
830 2710 1011 2745 formanda
1019 2710 1172 2745 deservit.
1180 2722 1210 2745 2.
1221 2710 1322 2757 Lapis
1331 2710 1507 2758 specularis
1518 2708 1623 2758 vulgo
1631 2711 1714 2744 Talco
1723 2709 1832 2745 dietus
1840 2732 1850 2749 ,
1860 2709 2016 2746 concress

313 2759 361 2795 cit
369 2770 410 2794 ex
426 2760 525 2795 succo
534 2759 691 2794 accurate
699 2759 878 2806 depurato.
919 2759 1040 2794 Oritur
1049 2756 1121 2805 ejus
1134 2758 1350 2805 perspicuitas
1359 2758 1626 2793 exordinatione
1639 2768 1825 2805 pororum3
1840 2757 2015 2794 scilicetla-

309 2807 502 2847 menarum,
512 2808 593 2842 cum
602 2807 751 2843 invicem
762 2807 964 2854 separantur,
972 2819 1051 2842 nam
1062 2806 1155 2841 simul
1165 2805 1360 2853 conjundtae
1370 2818 1484 2854 opacae
1494 2806 1571 2841 sunt
1584 2808 1712 2854 (quem
1723 2806 1914 2842 admodum
1928 2818 2014 2854 aqua
2033 2814 2036 2817 '

311 2857 483 2904 profunda
491 2855 633 2891 obscura
641 2855 712 2903 est)
727 2866 855 2903 nempe
863 2856 909 2890 ob
919 2855 1212 2891 inordinationem
1226 2866 1394 2902 pororum
1403 2855 1503 2891 unius
1511 2854 1653 2890 lamellae
1661 2865 1742 2890 cum
1751 2853 1893 2890 lamellae
1901 2854 2011 2891 alteri-

308 2914 357 2939 us
364 2903 467 2951 poris.

409 2978 597 3015 Conclusio
611 2980 721 3017 Sexta,
794 2977 998 3027 Lithophita
1019 2979 1094 3014 sunt
1111 3001 1122 3019 ,
1148 2990 1224 3027 quae
1256 2990 1299 3015 ex
1321 2979 1423 3015 succo
1451 2978 1679 3028 lapidescente
1706 2981 1750 3016 ad
1770 2979 1872 3015 instar
1889 2979 2009 3028 plantae'
2027 3018 2029 3020 ,

311 3026 467 3062 crescunt
483 3036 542 3076 per
558 3027 896 3073 introsusceptionern
913 3050 924 3067 ,
945 3030 1038 3062 unde
1052 3028 1087 3062 ὅ(
1102 3027 1230 3075 lapides
1243 3028 1364 3075 plantae
1379 3029 1613 3065 nominantur.
1677 3029 1726 3064 Ex
1739 3029 1792 3064 his
1805 3029 1917 3076 primo
1930 3028 2019 3065 loco·

312 3085 511 3117 numeratur
520 3075 737 3123 Gloffopen·a
751 3097 762 3115 ,
777 3077 811 3110 id
827 3075 874 3111 est
885 3099 896 3115 ,
914 3075 996 3123 lapis
1012 3077 1053 3110 ad
1072 3078 1219 3111 modum
1236 3077 1359 3125 linguae
1374 3087 1557 3113 concretus
1572 3087 1610 3113 ut
1623 3076 1810 3125 plurimum
1827 3076 2006 3112 denticula-

311 3131 354 3158 tae
371 3146 382 3163 ,
411 3124 469 3165 qui
492 3126 554 3159 suae
574 3125 704 3167 matrici
727 3124 902 3171 adhaeret,
926 3123 981 3158 vel
1001 3125 1130 3163 radici,
1155 3136 1195 3159 ex
1217 3137 1283 3172 qua
1307 3125 1422 3160 sensim
1451 3125 1519 3160 sine
1543 3125 1635 3161 sensu
1664 3125 1751 3173 sugit
1775 3124 2006 3160 alimentitium

311 3171 450 3214 succum
463 3194 472 3211 ,
488 3179 721 3220 apparentque
739 3173 857 3207 nativce
873 3171 963 3207 fibrae
979 3184 990 3217 3
1005 3172 1083 3207 hinc
1098 3173 1196 3207 saciie
1213 3173 1247 3207 in
1270 3172 1415 3221 longum
1431 3172 1571 3209 finditur
1585 3196 1596 3214 ,
1613 3182 1651 3209 ut
1665 3173 1819 3223 lignum',
1832 3173 1867 3207 id
1883 3171 2003 3212 est·,'se-
2039 3198 2046 3202 .

310 3221 467 3255 cundum
488 3219 649 3256 fibrarum
670 3219 939 3269 longitudinem.
998 3221 1129 3256 Dicitur
1152 3221 1210 3256 hic
1235 3221 1316 3270 lapis
1342 3232 1457 3258 arcere
1482 3233 1669 3258 venenum.
1724 3222 1887 3258 Secundo
1910 3230 2000 3256 revo-

1888 3276 2001 3304 cantur
