<?xml version="1.0" encoding="UTF-8"?>
<!DOCTYPE html PUBLIC "-//W3C//DTD XHTML 1.0 Transitional//EN"
    "http://www.w3.org/TR/xhtml1/DTD/xhtml1-transitional.dtd">
<html xmlns="http://www.w3.org/1999/xhtml" xml:lang="en" lang="en">
 <head>
  <title>
</title>
<meta http-equiv="Content-Type" content="text/html;charset=utf-8" />
  <meta name='ocr-system' content='tesseract 3.04.00' />
  <meta name='ocr-capabilities' content='ocr_page ocr_carea ocr_par ocr_line ocrx_word'/>
</head>
<body>
  <div class='ocr_page' id='page_1' title='image "./meteorologiaphil00reinz/meteorologiaphil00reinz_0022.png"; bbox 0 0 2051 3590; ppageno 0'>
   <div class='ocr_carea' id='block_1_1' title="bbox 305 232 1329 305">
    <p class='ocr_par' dir='ltr' id='par_1_1' title="bbox 305 232 1329 305">
     <span class='ocr_line' id='line_1_1' title="bbox 305 232 1329 305; baseline -0.004 -18"><span class='ocrx_word' id='word_1_1' title='bbox 305 247 358 287; x_wconf 86' lang='lat'>12</span> <span class='ocrx_word' id='word_1_2' title='bbox 967 232 1329 305; x_wconf 81' lang='lat' dir='ltr'>Meteorologia</span> 
     </span>
    </p>
   </div>
   <div class='ocr_carea' id='block_1_2' title="bbox 258 314 2040 3163">
    <p class='ocr_par' dir='ltr' id='par_1_2' title="bbox 295 314 2040 793">
     <span class='ocr_line' id='line_1_2' title="bbox 306 314 2040 365; baseline -0.001 -13"><span class='ocrx_word' id='word_1_3' title='bbox 306 316 428 352; x_wconf 77' lang='lat' dir='ltr'>Tertio</span> <span class='ocrx_word' id='word_1_4' title='bbox 436 316 554 352; x_wconf 88' lang='lat' dir='ltr'>omnia</span> <span class='ocrx_word' id='word_1_5' title='bbox 561 315 651 364; x_wconf 75' lang='lat' dir='ltr'>pene</span> <span class='ocrx_word' id='word_1_6' title='bbox 661 326 807 364; x_wconf 86' lang='lat' dir='ltr'>corpora</span> <span class='ocrx_word' id='word_1_7' title='bbox 815 316 919 352; x_wconf 88' lang='lat' dir='ltr'>etiam</span> <span class='ocrx_word' id='word_1_8' title='bbox 928 314 1100 352; x_wconf 78' lang='lat' dir='ltr'>durissima</span> <span class='ocrx_word' id='word_1_9' title='bbox 1109 316 1179 365; x_wconf 81' lang='lat' dir='ltr'>igni</span> <span class='ocrx_word' id='word_1_10' title='bbox 1188 316 1328 350; x_wconf 84' lang='lat' dir='ltr'>admota</span> <span class='ocrx_word' id='word_1_11' title='bbox 1336 314 1553 352; x_wconf 87' lang='lat' dir='ltr'>resolvuntur</span> <span class='ocrx_word' id='word_1_12' title='bbox 1561 327 1604 351; x_wconf 81' lang='lat' dir='ltr'>ex</span> <span class='ocrx_word' id='word_1_13' title='bbox 1616 324 1710 364; x_wconf 86' lang='lat' dir='ltr'>parte</span> <span class='ocrx_word' id='word_1_14' title='bbox 1725 314 1840 351; x_wconf 73' lang='lat' dir='ltr'>saltem</span> <span class='ocrx_word' id='word_1_15' title='bbox 1854 315 1889 350; x_wconf 92' lang='lat' dir='ltr'>in</span> <span class='ocrx_word' id='word_1_16' title='bbox 1900 327 2006 364; x_wconf 89' lang='lat' dir='ltr'>vapo-</span> <span class='ocrx_word' id='word_1_17' title='bbox 2038 324 2040 326; x_wconf 73' lang='grc'>’</span> 
     </span>
     <span class='ocr_line' id='line_1_3' title="bbox 307 363 2008 413; baseline -0.002 -12"><span class='ocrx_word' id='word_1_18' title='bbox 307 376 362 401; x_wconf 87' lang='lat' dir='ltr'>res</span> <span class='ocrx_word' id='word_1_19' title='bbox 370 387 380 405; x_wconf 77' lang='lat'>,</span> <span class='ocrx_word' id='word_1_20' title='bbox 395 364 492 412; x_wconf 86' lang='lat' dir='ltr'>quod</span> <span class='ocrx_word' id='word_1_21' title='bbox 501 376 542 401; x_wconf 82' lang='lat' dir='ltr'>ex</span> <span class='ocrx_word' id='word_1_22' title='bbox 552 376 594 400; x_wconf 89' lang='lat' dir='ltr'>eo</span> <span class='ocrx_word' id='word_1_23' title='bbox 604 365 893 413; x_wconf 83' lang='lat' dir='ltr'><strong>deprehenditur,</strong></span> <span class='ocrx_word' id='word_1_24' title='bbox 910 374 949 399; x_wconf 92' lang='lat' dir='ltr'>ut</span> <span class='ocrx_word' id='word_1_25' title='bbox 957 363 1173 400; x_wconf 89' lang='lat' dir='ltr'>observatum</span> <span class='ocrx_word' id='word_1_26' title='bbox 1182 363 1229 399; x_wconf 84' lang='lat' dir='ltr'>est</span> <span class='ocrx_word' id='word_1_27' title='bbox 1237 364 1272 398; x_wconf 92' lang='lat' dir='ltr'>in</span> <span class='ocrx_word' id='word_1_28' title='bbox 1281 363 1350 411; x_wconf 90' lang='lat' dir='ltr'>ipso</span> <span class='ocrx_word' id='word_1_29' title='bbox 1360 375 1443 398; x_wconf 91' lang='lat' dir='ltr'>auro</span> <span class='ocrx_word' id='word_1_30' title='bbox 1455 386 1464 403; x_wconf 84' lang='lat'>‚</span> <span class='ocrx_word' id='word_1_31' title='bbox 1474 366 1629 410; x_wconf 84' lang='lat' dir='ltr'>quamvis</span> <span class='ocrx_word' id='word_1_32' title='bbox 1645 364 1881 399; x_wconf 88' lang='lat' dir='ltr'>communiter</span> <span class='ocrx_word' id='word_1_33' title='bbox 1894 364 2008 410; x_wconf 72' lang='lat' dir='ltr'>appel·</span> 
     </span>
     <span class='ocr_line' id='line_1_4' title="bbox 306 411 2007 461; baseline -0.002 -12"><span class='ocrx_word' id='word_1_34' title='bbox 306 413 396 449; x_wconf 85' lang='lat' dir='ltr'>letur</span> <span class='ocrx_word' id='word_1_35' title='bbox 404 413 672 461; x_wconf 82' lang='lat' dir='ltr'>incorruptibile.</span> <span class='ocrx_word' id='word_1_36' title='bbox 720 414 777 448; x_wconf 91' lang='lat' dir='ltr'>Ab</span> <span class='ocrx_word' id='word_1_37' title='bbox 785 413 946 448; x_wconf 87' lang='lat' dir='ltr'>humanis</span> <span class='ocrx_word' id='word_1_38' title='bbox 955 413 1039 448; x_wconf 84' lang='lat' dir='ltr'>vero</span> <span class='ocrx_word' id='word_1_39' title='bbox 1050 411 1255 459; x_wconf 86' lang='lat' dir='ltr'>corporibus</span> <span class='ocrx_word' id='word_1_40' title='bbox 1264 423 1326 459; x_wconf 92' lang='lat' dir='ltr'>pro</span> <span class='ocrx_word' id='word_1_41' title='bbox 1335 411 1538 447; x_wconf 90' lang='lat' dir='ltr'>valetudinis</span> <span class='ocrx_word' id='word_1_42' title='bbox 1546 412 1793 448; x_wconf 87' lang='lat' dir='ltr'>constitutione</span> <span class='ocrx_word' id='word_1_43' title='bbox 1801 412 2007 452; x_wconf 71' lang='lat' dir='ltr'>nunciamus,</span> 
     </span>
     <span class='ocr_line' id='line_1_5' title="bbox 305 458 2008 510; baseline -0.001 -14"><span class='ocrx_word' id='word_1_44' title='bbox 305 473 402 497; x_wconf 90' lang='lat' dir='ltr'>nunc</span> <span class='ocrx_word' id='word_1_45' title='bbox 409 472 512 510; x_wconf 79' lang='lat' dir='ltr'>aegras</span> <span class='ocrx_word' id='word_1_46' title='bbox 521 461 631 496; x_wconf 86' lang='lat' dir='ltr'>emitti</span> <span class='ocrx_word' id='word_1_47' title='bbox 646 460 882 496; x_wconf 73' lang='lat' dir='ltr'>exhalationes</span> <span class='ocrx_word' id='word_1_48' title='bbox 892 460 1073 508; x_wconf 77' lang='lat' dir='ltr'><strong>plusquam</strong></span> <span class='ocrx_word' id='word_1_49' title='bbox 1081 468 1216 494; x_wconf 87' lang='lat' dir='ltr'>certum</span> <span class='ocrx_word' id='word_1_50' title='bbox 1225 458 1282 494; x_wconf 87' lang='lat' dir='ltr'>est.</span> <span class='ocrx_word' id='word_1_51' title='bbox 1303 460 1491 507; x_wconf 80' lang='lat' dir='ltr'>-AEgrorum</span> <span class='ocrx_word' id='word_1_52' title='bbox 1500 460 1593 495; x_wconf 87' lang='lat' dir='ltr'>enim</span> <span class='ocrx_word' id='word_1_53' title='bbox 1602 460 1737 495; x_wconf 81' lang='lat' dir='ltr'>effluvia</span> <span class='ocrx_word' id='word_1_54' title='bbox 1751 470 1934 509; x_wconf 78' lang='lat' dir='ltr'>propagata</span> <span class='ocrx_word' id='word_1_55' title='bbox 1946 471 2008 507; x_wconf 88' lang='lat' dir='ltr'>per</span> 
     </span>
     <span class='ocr_line' id='line_1_6' title="bbox 304 506 2006 558; baseline -0.001 -13"><span class='ocrx_word' id='word_1_56' title='bbox 304 509 430 546; x_wconf 87' lang='lat' dir='ltr'>halitus</span> <span class='ocrx_word' id='word_1_57' title='bbox 439 510 602 558; x_wconf 83' lang='lat' dir='ltr'>contagio</span> <span class='ocrx_word' id='word_1_58' title='bbox 614 509 686 544; x_wconf 89' lang='lat' dir='ltr'>satis</span> <span class='ocrx_word' id='word_1_59' title='bbox 694 508 895 546; x_wconf 82' lang='lat' dir='ltr'>manifestat.</span> <span class='ocrx_word' id='word_1_60' title='bbox 947 509 1003 543; x_wconf 91' lang='lat' dir='ltr'>De</span> <span class='ocrx_word' id='word_1_61' title='bbox 1019 507 1102 542; x_wconf 85' lang='lat' dir='ltr'>sanis</span> <span class='ocrx_word' id='word_1_62' title='bbox 1112 508 1195 542; x_wconf 77' lang='lat' dir='ltr'>vero</span> <span class='ocrx_word' id='word_1_63' title='bbox 1204 507 1343 542; x_wconf 75' lang='lat' dir='ltr'>testatur</span> <span class='ocrx_word' id='word_1_64' title='bbox 1353 506 1570 543; x_wconf 77' lang='lat' dir='ltr'>Verulamius</span> <span class='ocrx_word' id='word_1_65' title='bbox 1579 531 1589 548; x_wconf 78' lang='lat'>,</span> <span class='ocrx_word' id='word_1_66' title='bbox 1603 510 1686 543; x_wconf 87' lang='lat' dir='ltr'>dum</span> <span class='ocrx_word' id='word_1_67' title='bbox 1699 508 1836 555; x_wconf 78' lang='lat' dir='ltr'>quaesrto</span> <span class='ocrx_word' id='word_1_68' title='bbox 1846 531 1856 548; x_wconf 82' lang='lat'>,</span> <span class='ocrx_word' id='word_1_69' title='bbox 1867 520 1929 543; x_wconf 88' lang='lat' dir='ltr'>cur</span> <span class='ocrx_word' id='word_1_70' title='bbox 1936 508 2006 543; x_wconf 81' lang='lat' dir='ltr'>1³ae-</span> 
     </span>
     <span class='ocr_line' id='line_1_7' title="bbox 306 553 2009 606; baseline -0.001 -14"><span class='ocrx_word' id='word_1_71' title='bbox 306 558 433 606; x_wconf 80' lang='lat' dir='ltr'>dagogi</span> <span class='ocrx_word' id='word_1_72' title='bbox 443 556 647 604; x_wconf 87' lang='lat' dir='ltr'>plerumque</span> <span class='ocrx_word' id='word_1_73' title='bbox 655 557 744 591; x_wconf 83' lang='lat' dir='ltr'>seros</span> <span class='ocrx_word' id='word_1_74' title='bbox 753 565 939 591; x_wconf 88' lang='lat' dir='ltr'>numerent</span> <span class='ocrx_word' id='word_1_75' title='bbox 945 566 1055 590; x_wconf 89' lang='lat' dir='ltr'>annos</span> <span class='ocrx_word' id='word_1_76' title='bbox 1063 578 1073 595; x_wconf 84' lang='lat'>‚</span> <span class='ocrx_word' id='word_1_77' title='bbox 1080 555 1282 602; x_wconf 81' lang='lat' dir='ltr'>respondet,</span> <span class='ocrx_word' id='word_1_78' title='bbox 1291 556 1372 590; x_wconf 77' lang='lat' dir='ltr'>&#39;ideo</span> <span class='ocrx_word' id='word_1_79' title='bbox 1382 555 1439 591; x_wconf 91' lang='lat' dir='ltr'>diu</span> <span class='ocrx_word' id='word_1_80' title='bbox 1449 553 1544 604; x_wconf 85' lang='lat' dir='ltr'>sanos</span> <span class='ocrx_word' id='word_1_81' title='bbox 1552 579 1562 595; x_wconf 63' lang='lat'>2</span> <span class='ocrx_word' id='word_1_82' title='bbox 1570 556 1784 605; x_wconf 71' lang='lat' dir='ltr'>vegetosque</span> <span class='ocrx_word' id='word_1_83' title='bbox 1793 557 1920 595; x_wconf 74' lang='lat' dir='ltr'>vivere,</span> <span class='ocrx_word' id='word_1_84' title='bbox 1929 557 2009 604; x_wconf 89' lang='lat' dir='ltr'>quia</span> 
     </span>
     <span class='ocr_line' id='line_1_8' title="bbox 303 602 2007 652; baseline -0.001 -11"><span class='ocrx_word' id='word_1_85' title='bbox 303 618 347 642; x_wconf 92' lang='lat' dir='ltr'>co</span> <span class='ocrx_word' id='word_1_86' title='bbox 353 607 475 641; x_wconf 84' lang='lat' dir='ltr'>ntinuo</span> <span class='ocrx_word' id='word_1_87' title='bbox 486 617 566 641; x_wconf 93' lang='lat' dir='ltr'>cum</span> <span class='ocrx_word' id='word_1_88' title='bbox 575 603 764 651; x_wconf 86' lang='lat' dir='ltr'>juvenibus</span> <span class='ocrx_word' id='word_1_89' title='bbox 773 603 948 640; x_wconf 89' lang='lat' dir='ltr'>consortio</span> <span class='ocrx_word' id='word_1_90' title='bbox 957 612 1158 638; x_wconf 79' lang='lat' dir='ltr'>emanantes</span> <span class='ocrx_word' id='word_1_91' title='bbox 1167 604 1208 638; x_wconf 90' lang='lat' dir='ltr'>ab</span> <span class='ocrx_word' id='word_1_92' title='bbox 1218 603 1271 637; x_wconf 88' lang='lat' dir='ltr'>his</span> <span class='ocrx_word' id='word_1_93' title='bbox 1281 602 1410 650; x_wconf 87' lang='lat' dir='ltr'>spiritus</span> <span class='ocrx_word' id='word_1_94' title='bbox 1418 603 1525 651; x_wconf 80' lang='lat' dir='ltr'>magis</span> <span class='ocrx_word' id='word_1_95' title='bbox 1537 603 1634 638; x_wconf 84' lang='lat' dir='ltr'>sanos</span> <span class='ocrx_word' id='word_1_96' title='bbox 1642 627 1651 643; x_wconf 76' lang='grc'><em>,</em></span> <span class='ocrx_word' id='word_1_97' title='bbox 1662 604 1848 652; x_wconf 73' lang='lat' dir='ltr'>vitalesque</span> <span class='ocrx_word' id='word_1_98' title='bbox 1855 606 2007 642; x_wconf 80' lang='lat' dir='ltr'>trahunt.</span> 
     </span>
     <span class='ocr_line' id='line_1_9' title="bbox 303 650 2007 701; baseline -0.001 -12"><span class='ocrx_word' id='word_1_99' title='bbox 303 654 429 689; x_wconf 88' lang='lat' dir='ltr'>Manet</span> <span class='ocrx_word' id='word_1_100' title='bbox 441 654 543 701; x_wconf 78' lang='lat' dir='ltr'>igitur</span> <span class='ocrx_word' id='word_1_101' title='bbox 556 664 694 692; x_wconf 83' lang='lat' dir='ltr'>verum,</span> <span class='ocrx_word' id='word_1_102' title='bbox 707 653 823 687; x_wconf 84' lang='lat' dir='ltr'>ae&#39;rem</span> <span class='ocrx_word' id='word_1_103' title='bbox 839 652 942 687; x_wconf 84' lang='lat' dir='ltr'>etiam</span> <span class='ocrx_word' id='word_1_104' title='bbox 958 660 1146 699; x_wconf 83' lang='lat' dir='ltr'>corporum</span> <span class='ocrx_word' id='word_1_105' title='bbox 1156 651 1344 685; x_wconf 80' lang='lat' dir='ltr'>mixtorum</span> <span class='ocrx_word' id='word_1_106' title='bbox 1361 650 1711 691; x_wconf 83' lang='lat' dir='ltr'>exhalationibus‚sive</span> <span class='ocrx_word' id='word_1_107' title='bbox 1721 653 1928 700; x_wconf 78' lang='lat' dir='ltr'>corpusculis</span> <span class='ocrx_word' id='word_1_108' title='bbox 1941 652 2007 687; x_wconf 84' lang='lat' dir='ltr'>istis</span> 
     </span>
     <span class='ocr_line' id='line_1_10' title="bbox 303 698 2005 748; baseline -0.001 -12"><span class='ocrx_word' id='word_1_109' title='bbox 303 702 455 737; x_wconf 89' lang='lat' dir='ltr'>minimis</span> <span class='ocrx_word' id='word_1_110' title='bbox 465 713 528 736; x_wconf 90' lang='lat' dir='ltr'>ceu</span> <span class='ocrx_word' id='word_1_111' title='bbox 536 701 661 736; x_wconf 88' lang='lat' dir='ltr'>atomis</span> <span class='ocrx_word' id='word_1_112' title='bbox 673 699 819 741; x_wconf 82' lang='lat' dir='ltr'>scatere,</span> <span class='ocrx_word' id='word_1_113' title='bbox 837 711 910 735; x_wconf 91' lang='lat' dir='ltr'>uno</span> <span class='ocrx_word' id='word_1_114' title='bbox 919 700 1060 747; x_wconf 88' lang='lat' dir='ltr'>quidem</span> <span class='ocrx_word' id='word_1_115' title='bbox 1072 699 1153 734; x_wconf 89' lang='lat' dir='ltr'>loco</span> <span class='ocrx_word' id='word_1_116' title='bbox 1163 699 1233 739; x_wconf 81' lang='lat' dir='ltr'>his,</span> <span class='ocrx_word' id='word_1_117' title='bbox 1250 698 1318 733; x_wconf 79' lang='lat' dir='ltr'>alio</span> <span class='ocrx_word' id='word_1_118' title='bbox 1334 698 1404 733; x_wconf 85' lang='lat' dir='ltr'>aliis</span> <span class='ocrx_word' id='word_1_119' title='bbox 1425 710 1488 746; x_wconf 89' lang='lat' dir='ltr'>pro</span> <span class='ocrx_word' id='word_1_120' title='bbox 1499 711 1613 735; x_wconf 89' lang='lat' dir='ltr'>rerum</span> <span class='ocrx_word' id='word_1_121' title='bbox 1623 701 1828 742; x_wconf 83' lang='lat' dir='ltr'>diversitate,</span> <span class='ocrx_word' id='word_1_122' title='bbox 1843 701 1862 736; x_wconf 73' lang='lat' dir='ltr'>e</span> <span class='ocrx_word' id='word_1_123' title='bbox 1881 701 2005 748; x_wconf 89' lang='lat' dir='ltr'>quibus</span> 
     </span>
     <span class='ocr_line' id='line_1_11' title="bbox 295 750 871 793; baseline -0.014 -7"><span class='ocrx_word' id='word_1_124' title='bbox 295 750 466 786; x_wconf 87' lang='lat' dir='ltr'>oriuntur.</span> <span class='ocrx_word' id='word_1_125' title='bbox 802 792 806 793; x_wconf 21' lang='lat'><em>⁷</em></span> <span class='ocrx_word' id='word_1_126' title='bbox 867 790 871 793; x_wconf 11' lang='grc' dir='ltr'>χ</span> 
     </span>
    </p>

    <p class='ocr_par' dir='ltr' id='par_1_3' title="bbox 294 791 2012 1326">
     <span class='ocr_line' id='line_1_12' title="bbox 396 791 2004 842; baseline 0 -10"><span class='ocrx_word' id='word_1_127' title='bbox 396 795 584 833; x_wconf 79' lang='lat' dir='ltr'>Conclusio</span> <span class='ocrx_word' id='word_1_128' title='bbox 595 795 752 831; x_wconf 87' lang='lat' dir='ltr'>secunda.</span> <span class='ocrx_word' id='word_1_129' title='bbox 803 794 905 831; x_wconf 57' lang='lat' dir='ltr'>Dicta</span> <span class='ocrx_word' id='word_1_130' title='bbox 914 794 988 830; x_wconf 86' lang='lat' dir='ltr'>haec</span> <span class='ocrx_word' id='word_1_131' title='bbox 996 793 1196 842; x_wconf 74' lang='lat' dir='ltr'>corpuscula</span> <span class='ocrx_word' id='word_1_132' title='bbox 1207 791 1394 829; x_wconf 81' lang='lat' dir='ltr'>differentis</span> <span class='ocrx_word' id='word_1_133' title='bbox 1404 794 1492 829; x_wconf 89' lang='lat' dir='ltr'>inter</span> <span class='ocrx_word' id='word_1_134' title='bbox 1501 795 1532 830; x_wconf 87' lang='lat' dir='ltr'>se</span> <span class='ocrx_word' id='word_1_135' title='bbox 1541 794 1616 830; x_wconf 87' lang='lat' dir='ltr'>sunt</span> <span class='ocrx_word' id='word_1_136' title='bbox 1632 806 1771 831; x_wconf 68' lang='lat' dir='ltr'>naturae.</span> <span class='ocrx_word' id='word_1_137' title='bbox 1797 796 1899 832; x_wconf 87' lang='lat' dir='ltr'>Ratio</span> <span class='ocrx_word' id='word_1_138' title='bbox 1911 808 1953 832; x_wconf 87' lang='lat' dir='ltr'>ex</span> <span class='ocrx_word' id='word_1_139' title='bbox 1960 808 2004 832; x_wconf 92' lang='lat' dir='ltr'>eo</span> 
     </span>
     <span class='ocr_line' id='line_1_13' title="bbox 296 841 2005 892; baseline -0.001 -11"><span class='ocrx_word' id='word_1_140' title='bbox 296 845 499 884; x_wconf 70' lang='lat' dir='ltr'>deducitur,</span> <span class='ocrx_word' id='word_1_141' title='bbox 508 845 605 891; x_wconf 80' lang='lat' dir='ltr'>quod</span> <span class='ocrx_word' id='word_1_142' title='bbox 613 844 774 891; x_wconf 79' lang='lat' dir='ltr'>pleraque</span> <span class='ocrx_word' id='word_1_143' title='bbox 782 842 943 879; x_wconf 73' lang='lat' dir='ltr'>essentiali</span> <span class='ocrx_word' id='word_1_144' title='bbox 957 843 1070 878; x_wconf 62' lang='lat' dir='ltr'>forma</span> <span class='ocrx_word' id='word_1_145' title='bbox 1084 854 1158 877; x_wconf 90' lang='lat' dir='ltr'>non</span> <span class='ocrx_word' id='word_1_146' title='bbox 1175 841 1334 877; x_wconf 82' lang='lat' dir='ltr'>differant</span> <span class='ocrx_word' id='word_1_147' title='bbox 1347 843 1365 876; x_wconf 75' lang='lat' dir='ltr'>a</span> <span class='ocrx_word' id='word_1_148' title='bbox 1382 844 1483 878; x_wconf 88' lang='lat' dir='ltr'>rebus</span> <span class='ocrx_word' id='word_1_149' title='bbox 1496 863 1508 882; x_wconf 69' lang='lat'><strong>‚</strong></span> <span class='ocrx_word' id='word_1_150' title='bbox 1533 856 1675 891; x_wconf 86' lang='lat' dir='ltr'>quarum</span> <span class='ocrx_word' id='word_1_151' title='bbox 1692 847 1766 879; x_wconf 90' lang='lat' dir='ltr'>sunt</span> <span class='ocrx_word' id='word_1_152' title='bbox 1786 844 2005 892; x_wconf 73' lang='lat' dir='ltr'>corpuscula,</span> 
     </span>
     <span class='ocr_line' id='line_1_14' title="bbox 298 888 2006 940; baseline 0.001 -12"><span class='ocrx_word' id='word_1_153' title='bbox 298 906 373 929; x_wconf 89' lang='lat' dir='ltr'>non</span> <span class='ocrx_word' id='word_1_154' title='bbox 383 893 476 928; x_wconf 88' lang='lat' dir='ltr'>secus</span> <span class='ocrx_word' id='word_1_155' title='bbox 485 904 524 928; x_wconf 84' lang='lat' dir='ltr'>ac</span> <span class='ocrx_word' id='word_1_156' title='bbox 534 903 679 939; x_wconf 83' lang='lat' dir='ltr'>vapores</span> <span class='ocrx_word' id='word_1_157' title='bbox 687 902 791 940; x_wconf 90' lang='lat' dir='ltr'>atque</span> <span class='ocrx_word' id='word_1_158' title='bbox 799 891 1036 927; x_wconf 81' lang='lat' dir='ltr'>exhalationes</span> <span class='ocrx_word' id='word_1_159' title='bbox 1043 900 1162 926; x_wconf 85' lang='lat' dir='ltr'>terreae</span> <span class='ocrx_word' id='word_1_160' title='bbox 1179 888 1215 925; x_wconf 82' lang='lat'>&amp;</span> <span class='ocrx_word' id='word_1_161' title='bbox 1223 901 1340 937; x_wconf 82' lang='lat' dir='ltr'>aqueae</span> <span class='ocrx_word' id='word_1_162' title='bbox 1356 902 1428 925; x_wconf 88' lang='lat' dir='ltr'>non</span> <span class='ocrx_word' id='word_1_163' title='bbox 1437 890 1600 926; x_wconf 86' lang='lat' dir='ltr'>differunt</span> <span class='ocrx_word' id='word_1_164' title='bbox 1609 893 1626 926; x_wconf 75' lang='lat' dir='ltr'>a</span> <span class='ocrx_word' id='word_1_165' title='bbox 1634 903 1720 927; x_wconf 80' lang='lat' dir='ltr'>terra</span> <span class='ocrx_word' id='word_1_166' title='bbox 1735 892 1770 928; x_wconf 88' lang='lat'><strong>&amp;</strong></span> <span class='ocrx_word' id='word_1_167' title='bbox 1778 905 1875 940; x_wconf 73' lang='lat' dir='ltr'>aqua,</span> <span class='ocrx_word' id='word_1_168' title='bbox 1926 894 2006 929; x_wconf 92' lang='lat' dir='ltr'>Nec</span> 
     </span>
     <span class='ocr_line' id='line_1_15' title="bbox 294 937 2012 989; baseline -0.001 -12"><span class='ocrx_word' id='word_1_169' title='bbox 294 942 418 981; x_wconf 80' lang='lat' dir='ltr'>refert,</span> <span class='ocrx_word' id='word_1_170' title='bbox 435 942 530 988; x_wconf 82' lang='lat' dir='ltr'>quod</span> <span class='ocrx_word' id='word_1_171' title='bbox 540 941 574 975; x_wconf 93' lang='lat' dir='ltr'>in</span> <span class='ocrx_word' id='word_1_172' title='bbox 583 946 660 975; x_wconf 79' lang='lat' dir='ltr'>aere</span> <span class='ocrx_word' id='word_1_173' title='bbox 670 941 757 975; x_wconf 88' lang='lat' dir='ltr'>inter</span> <span class='ocrx_word' id='word_1_174' title='bbox 767 939 1093 988; x_wconf 77' lang='lat' dir='ltr'>sepermisceanttir3</span> <span class='ocrx_word' id='word_1_175' title='bbox 1118 937 1230 973; x_wconf 88' lang='lat' dir='ltr'>mistio</span> <span class='ocrx_word' id='word_1_176' title='bbox 1242 939 1334 973; x_wconf 88' lang='lat' dir='ltr'>enim</span> <span class='ocrx_word' id='word_1_177' title='bbox 1347 950 1419 973; x_wconf 92' lang='lat' dir='ltr'>non</span> <span class='ocrx_word' id='word_1_178' title='bbox 1436 939 1516 974; x_wconf 84' lang='lat' dir='ltr'>sacit</span> <span class='ocrx_word' id='word_1_179' title='bbox 1537 940 1553 983; x_wconf 87' lang='lat'>(</span> <span class='ocrx_word' id='word_1_180' title='bbox 1564 939 1677 975; x_wconf 85' lang='lat' dir='ltr'>saltem</span> <span class='ocrx_word' id='word_1_181' title='bbox 1694 953 1765 975; x_wconf 86' lang='lat' dir='ltr'>non</span> <span class='ocrx_word' id='word_1_182' title='bbox 1782 940 1913 989; x_wconf 87' lang='lat' dir='ltr'>semper</span> <span class='ocrx_word' id='word_1_183' title='bbox 1925 945 1941 987; x_wconf 90' lang='lat'>)</span> <span class='ocrx_word' id='word_1_184' title='bbox 1967 952 2012 977; x_wconf 88' lang='lat' dir='ltr'>ut-</span> 
     </span>
     <span class='ocr_line' id='line_1_16' title="bbox 298 986 2006 1038; baseline 0.001 -14"><span class='ocrx_word' id='word_1_185' title='bbox 298 990 472 1038; x_wconf 87' lang='lat' dir='ltr'>propriam</span> <span class='ocrx_word' id='word_1_186' title='bbox 482 999 638 1023; x_wconf 82' lang='lat' dir='ltr'>naturam</span> <span class='ocrx_word' id='word_1_187' title='bbox 647 999 793 1033; x_wconf 80' lang='lat' dir='ltr'>exuant3</span> <span class='ocrx_word' id='word_1_188' title='bbox 819 988 903 1024; x_wconf 81' lang='lat' dir='ltr'>sicut</span> <span class='ocrx_word' id='word_1_189' title='bbox 910 987 1022 1023; x_wconf 89' lang='lat' dir='ltr'>mistio</span> <span class='ocrx_word' id='word_1_190' title='bbox 1031 996 1269 1022; x_wconf 84' lang='lat' dir='ltr'>ramentorum</span> <span class='ocrx_word' id='word_1_191' title='bbox 1279 986 1371 1026; x_wconf 78' lang='lat' dir='ltr'>auri,</span> <span class='ocrx_word' id='word_1_192' title='bbox 1387 987 1535 1035; x_wconf 77' lang='lat' dir='ltr'>argenti,</span> <span class='ocrx_word' id='word_1_193' title='bbox 1549 988 1645 1028; x_wconf 85' lang='lat' dir='ltr'>ferri,</span> <span class='ocrx_word' id='word_1_194' title='bbox 1662 1000 1734 1023; x_wconf 88' lang='lat' dir='ltr'>non</span> <span class='ocrx_word' id='word_1_195' title='bbox 1757 999 1868 1024; x_wconf 91' lang='lat' dir='ltr'>mutat</span> <span class='ocrx_word' id='word_1_196' title='bbox 1882 1001 2006 1025; x_wconf 89' lang='lat' dir='ltr'>eorum</span> 
     </span>
     <span class='ocr_line' id='line_1_17' title="bbox 299 1035 2006 1081; baseline 0 -8"><span class='ocrx_word' id='word_1_197' title='bbox 299 1048 458 1073; x_wconf 87' lang='lat' dir='ltr'>naturam</span> <span class='ocrx_word' id='word_1_198' title='bbox 474 1050 485 1081; x_wconf 77' lang='lat'><em>3</em></span> <span class='ocrx_word' id='word_1_199' title='bbox 512 1048 578 1072; x_wconf 90' lang='lat' dir='ltr'>nec</span> <span class='ocrx_word' id='word_1_200' title='bbox 601 1037 637 1072; x_wconf 91' lang='lat' dir='ltr'>in</span> <span class='ocrx_word' id='word_1_201' title='bbox 652 1036 720 1071; x_wconf 89' lang='lat' dir='ltr'>istis</span> <span class='ocrx_word' id='word_1_202' title='bbox 731 1036 962 1072; x_wconf 87' lang='lat' dir='ltr'>distillatarum</span> <span class='ocrx_word' id='word_1_203' title='bbox 980 1036 999 1071; x_wconf 79' lang='lat' dir='ltr'>e</span> <span class='ocrx_word' id='word_1_204' title='bbox 1013 1035 1095 1071; x_wconf 88' lang='lat' dir='ltr'>rosis</span> <span class='ocrx_word' id='word_1_205' title='bbox 1103 1058 1113 1075; x_wconf 85' lang='lat'>,</span> <span class='ocrx_word' id='word_1_206' title='bbox 1129 1035 1254 1071; x_wconf 88' lang='lat' dir='ltr'>cicoria</span> <span class='ocrx_word' id='word_1_207' title='bbox 1262 1058 1271 1074; x_wconf 83' lang='lat'>‚</span> <span class='ocrx_word' id='word_1_208' title='bbox 1285 1035 1369 1070; x_wconf 85' lang='lat' dir='ltr'>faece</span> <span class='ocrx_word' id='word_1_209' title='bbox 1382 1036 1451 1070; x_wconf 89' lang='lat' dir='ltr'>vini</span> <span class='ocrx_word' id='word_1_210' title='bbox 1461 1047 1500 1070; x_wconf 86' lang='lat' dir='ltr'>ac</span> <span class='ocrx_word' id='word_1_211' title='bbox 1508 1035 1666 1071; x_wconf 81' lang='lat' dir='ltr'>fimilibus</span> <span class='ocrx_word' id='word_1_212' title='bbox 1680 1037 1797 1077; x_wconf 78' lang='lat' dir='ltr'>rebus,</span> <span class='ocrx_word' id='word_1_213' title='bbox 1819 1036 1942 1077; x_wconf 80' lang='lat' dir='ltr'>efficit,</span> <span class='ocrx_word' id='word_1_214' title='bbox 1967 1048 2006 1074; x_wconf 90' lang='lat' dir='ltr'>ut</span> 
     </span>
     <span class='ocr_line' id='line_1_18' title="bbox 299 1084 2006 1131; baseline -0.001 -9"><span class='ocrx_word' id='word_1_215' title='bbox 299 1087 335 1122; x_wconf 90' lang='lat' dir='ltr'>in</span> <span class='ocrx_word' id='word_1_216' title='bbox 346 1086 377 1121; x_wconf 90' lang='lat' dir='ltr'>se</span> <span class='ocrx_word' id='word_1_217' title='bbox 385 1084 536 1120; x_wconf 83' lang='lat' dir='ltr'>invicem</span> <span class='ocrx_word' id='word_1_218' title='bbox 546 1085 784 1125; x_wconf 78' lang='lat' dir='ltr'>mutentur,&amp;</span> <span class='ocrx_word' id='word_1_219' title='bbox 793 1096 917 1120; x_wconf 88' lang='lat' dir='ltr'>omnes</span> <span class='ocrx_word' id='word_1_220' title='bbox 925 1096 1030 1119; x_wconf 88' lang='lat' dir='ltr'>unam</span> <span class='ocrx_word' id='word_1_221' title='bbox 1045 1085 1190 1119; x_wconf 83' lang='lat' dir='ltr'>induant</span> <span class='ocrx_word' id='word_1_222' title='bbox 1201 1093 1368 1120; x_wconf 58' lang='lat' dir='ltr'>naturanm</span> <span class='ocrx_word' id='word_1_223' title='bbox 1418 1084 1466 1118; x_wconf 84' lang='lat' dir='ltr'>Ex</span> <span class='ocrx_word' id='word_1_224' title='bbox 1482 1096 1552 1131; x_wconf 83' lang='lat' dir='ltr'>quo</span> <span class='ocrx_word' id='word_1_225' title='bbox 1562 1084 1723 1124; x_wconf 71' lang='lat' dir='ltr'>infertur,</span> <span class='ocrx_word' id='word_1_226' title='bbox 1738 1085 1772 1119; x_wconf 91' lang='lat' dir='ltr'>in</span> <span class='ocrx_word' id='word_1_227' title='bbox 1782 1090 1859 1120; x_wconf 85' lang='lat' dir='ltr'>a&#39;e&#39;re</span> <span class='ocrx_word' id='word_1_228' title='bbox 1874 1098 1946 1120; x_wconf 91' lang='lat' dir='ltr'>non</span> <span class='ocrx_word' id='word_1_229' title='bbox 1955 1085 2006 1120; x_wconf 87' lang='lat' dir='ltr'>so-</span> 
     </span>
     <span class='ocr_line' id='line_1_19' title="bbox 295 1128 2002 1180; baseline 0 -11"><span class='ocrx_word' id='word_1_230' title='bbox 295 1134 369 1170; x_wconf 76' lang='lat' dir='ltr'>lum</span> <span class='ocrx_word' id='word_1_231' title='bbox 381 1133 446 1169; x_wconf 73' lang='lat' dir='ltr'>‘esse</span> <span class='ocrx_word' id='word_1_232' title='bbox 456 1134 592 1169; x_wconf 84' lang='lat' dir='ltr'>effluvia</span> <span class='ocrx_word' id='word_1_233' title='bbox 602 1133 743 1168; x_wconf 82' lang='lat' dir='ltr'>humida</span> <span class='ocrx_word' id='word_1_234' title='bbox 753 1133 787 1169; x_wconf 73' lang='grc' dir='ltr'>δε</span> <span class='ocrx_word' id='word_1_235' title='bbox 797 1133 898 1173; x_wconf 82' lang='lat' dir='ltr'>sicca,</span> <span class='ocrx_word' id='word_1_236' title='bbox 912 1144 1058 1180; x_wconf 84' lang='lat' dir='ltr'>vapores</span> <span class='ocrx_word' id='word_1_237' title='bbox 1071 1128 1493 1171; x_wconf 78' lang='lat' dir='ltr'>scilicet&amp;exhalationes,</span> <span class='ocrx_word' id='word_1_238' title='bbox 1506 1143 1581 1179; x_wconf 84' lang='lat' dir='ltr'>quae</span> <span class='ocrx_word' id='word_1_239' title='bbox 1596 1132 1658 1167; x_wconf 90' lang='lat' dir='ltr'>sint</span> <span class='ocrx_word' id='word_1_240' title='bbox 1671 1145 1758 1180; x_wconf 82' lang='lat' dir='ltr'>aqua</span> <span class='ocrx_word' id='word_1_241' title='bbox 1774 1133 1810 1169; x_wconf 70' lang='grc' dir='ltr'>ὅ(</span> <span class='ocrx_word' id='word_1_242' title='bbox 1824 1143 1928 1173; x_wconf 77' lang='lat' dir='ltr'>terra,</span> <span class='ocrx_word' id='word_1_243' title='bbox 1945 1134 2002 1170; x_wconf 86' lang='lat' dir='ltr'>sed</span> 
     </span>
     <span class='ocr_line' id='line_1_20' title="bbox 295 1179 2004 1229; baseline 0 -12"><span class='ocrx_word' id='word_1_244' title='bbox 295 1193 351 1218; x_wconf 83' lang='lat' dir='ltr'>tot</span> <span class='ocrx_word' id='word_1_245' title='bbox 361 1181 707 1229; x_wconf 79' lang='lat' dir='ltr'>effeillorumspecies</span> <span class='ocrx_word' id='word_1_246' title='bbox 717 1181 1007 1228; x_wconf 79' lang='lat' dir='ltr'>simulpermixtas</span> <span class='ocrx_word' id='word_1_247' title='bbox 1017 1190 1121 1228; x_wconf 88' lang='lat' dir='ltr'>atque</span> <span class='ocrx_word' id='word_1_248' title='bbox 1135 1180 1310 1219; x_wconf 75' lang='lat' dir='ltr'>confusas,</span> <span class='ocrx_word' id='word_1_249' title='bbox 1324 1189 1412 1226; x_wconf 90' lang='lat' dir='ltr'>quot</span> <span class='ocrx_word' id='word_1_250' title='bbox 1429 1179 1504 1215; x_wconf 90' lang='lat' dir='ltr'>sunt</span> <span class='ocrx_word' id='word_1_251' title='bbox 1518 1180 1642 1228; x_wconf 82' lang='lat' dir='ltr'>species</span> <span class='ocrx_word' id='word_1_252' title='bbox 1652 1193 1785 1222; x_wconf 81' lang='lat' dir='ltr'>rerum,</span> <span class='ocrx_word' id='word_1_253' title='bbox 1800 1181 1820 1216; x_wconf 74' lang='lat' dir='ltr'>e</span> <span class='ocrx_word' id='word_1_254' title='bbox 1833 1183 1955 1229; x_wconf 88' lang='lat' dir='ltr'>quibus</span> <span class='ocrx_word' id='word_1_255' title='bbox 1969 1185 2004 1220; x_wconf 85' lang='lat' dir='ltr'>vi</span> 
     </span>
     <span class='ocr_line' id='line_1_21' title="bbox 296 1228 2002 1278; baseline 0 -12"><span class='ocrx_word' id='word_1_256' title='bbox 296 1231 419 1267; x_wconf 86' lang='lat' dir='ltr'>caloris</span> <span class='ocrx_word' id='word_1_257' title='bbox 427 1251 436 1267; x_wconf 66' lang='lat'>2</span> <span class='ocrx_word' id='word_1_258' title='bbox 446 1241 504 1265; x_wconf 91' lang='lat' dir='ltr'>aut</span> <span class='ocrx_word' id='word_1_259' title='bbox 511 1230 597 1278; x_wconf 84' lang='lat' dir='ltr'>ignis</span> <span class='ocrx_word' id='word_1_260' title='bbox 607 1252 617 1269; x_wconf 79' lang='lat'>‚</span> <span class='ocrx_word' id='word_1_261' title='bbox 635 1240 693 1265; x_wconf 89' lang='lat' dir='ltr'>aut</span> <span class='ocrx_word' id='word_1_262' title='bbox 701 1229 764 1265; x_wconf 72' lang='lat' dir='ltr'>alia</span> <span class='ocrx_word' id='word_1_263' title='bbox 773 1229 868 1264; x_wconf 80' lang='lat' dir='ltr'>simili</span> <span class='ocrx_word' id='word_1_264' title='bbox 878 1228 1016 1264; x_wconf 71' lang='lat' dir='ltr'>afflone</span> <span class='ocrx_word' id='word_1_265' title='bbox 1024 1228 1250 1266; x_wconf 84' lang='lat' dir='ltr'>resolvuntur.</span> <span class='ocrx_word' id='word_1_266' title='bbox 1300 1228 1397 1263; x_wconf 91' lang='lat' dir='ltr'>Hinc</span> <span class='ocrx_word' id='word_1_267' title='bbox 1406 1229 1641 1264; x_wconf 89' lang='lat' dir='ltr'>communiter</span> <span class='ocrx_word' id='word_1_268' title='bbox 1649 1230 1775 1265; x_wconf 88' lang='lat' dir='ltr'>dicitur</span> <span class='ocrx_word' id='word_1_269' title='bbox 1788 1230 1806 1265; x_wconf 79' lang='lat' dir='ltr'>a</span> <span class='ocrx_word' id='word_1_270' title='bbox 1816 1229 2002 1266; x_wconf 87' lang='lat' dir='ltr'>sensatiori-</span> 
     </span>
     <span class='ocr_line' id='line_1_22' title="bbox 294 1275 1809 1326; baseline 0 -13"><span class='ocrx_word' id='word_1_271' title='bbox 294 1281 358 1318; x_wconf 83' lang='lat' dir='ltr'>bus</span> <span class='ocrx_word' id='word_1_272' title='bbox 367 1278 593 1326; x_wconf 83' lang='lat' dir='ltr'>Philosophis,</span> <span class='ocrx_word' id='word_1_273' title='bbox 602 1284 716 1313; x_wconf 76' lang='lat' dir='ltr'>aerem</span> <span class='ocrx_word' id='word_1_274' title='bbox 724 1277 897 1326; x_wconf 88' lang='lat' dir='ltr'>repletum</span> <span class='ocrx_word' id='word_1_275' title='bbox 906 1278 1036 1325; x_wconf 86' lang='lat' dir='ltr'>semper</span> <span class='ocrx_word' id='word_1_276' title='bbox 1046 1276 1112 1312; x_wconf 82' lang='lat' dir='ltr'>effe</span> <span class='ocrx_word' id='word_1_277' title='bbox 1122 1275 1374 1323; x_wconf 71' lang='lat' dir='ltr'>Panspermis,seu</span> <span class='ocrx_word' id='word_1_278' title='bbox 1386 1276 1535 1311; x_wconf 84' lang='lat' dir='ltr'>seminali</span> <span class='ocrx_word' id='word_1_279' title='bbox 1543 1278 1669 1313; x_wconf 88' lang='lat' dir='ltr'>virtute</span> <span class='ocrx_word' id='word_1_280' title='bbox 1682 1290 1809 1315; x_wconf 84' lang='lat' dir='ltr'>rerum.</span> 
     </span>
    </p>

    <p class='ocr_par' dir='ltr' id='par_1_4' title="bbox 294 1323 2004 1508">
     <span class='ocr_line' id='line_1_23' title="bbox 392 1323 2003 1375; baseline -0.001 -12"><span class='ocrx_word' id='word_1_281' title='bbox 392 1326 548 1375; x_wconf 79' lang='lat' dir='ltr'>Colliges</span> <span class='ocrx_word' id='word_1_282' title='bbox 562 1326 645 1361; x_wconf 91' lang='lat' dir='ltr'>hinc</span> <span class='ocrx_word' id='word_1_283' title='bbox 654 1323 779 1373; x_wconf 70' lang='lat' dir='ltr'>primo,</span> <span class='ocrx_word' id='word_1_284' title='bbox 830 1325 1166 1374; x_wconf 72' lang='lat' dir='ltr'>Qaarumvisrerum</span> <span class='ocrx_word' id='word_1_285' title='bbox 1181 1323 1322 1359; x_wconf 86' lang='lat' dir='ltr'>effluvia</span> <span class='ocrx_word' id='word_1_286' title='bbox 1335 1324 1391 1359; x_wconf 87' lang='lat' dir='ltr'>seu</span> <span class='ocrx_word' id='word_1_287' title='bbox 1401 1324 1617 1372; x_wconf 81' lang='lat' dir='ltr'>corpuscula,</span> <span class='ocrx_word' id='word_1_288' title='bbox 1630 1338 1707 1373; x_wconf 81' lang='lat' dir='ltr'>quae</span> <span class='ocrx_word' id='word_1_289' title='bbox 1724 1327 1743 1361; x_wconf 79' lang='lat' dir='ltr'>e</span> <span class='ocrx_word' id='word_1_290' title='bbox 1756 1328 1858 1362; x_wconf 87' lang='lat' dir='ltr'>rebus</span> <span class='ocrx_word' id='word_1_291' title='bbox 1866 1338 2003 1374; x_wconf 83' lang='lat' dir='ltr'>proma-</span> 
     </span>
     <span class='ocr_line' id='line_1_24' title="bbox 294 1371 2004 1422; baseline -0.001 -10"><span class='ocrx_word' id='word_1_292' title='bbox 294 1385 379 1412; x_wconf 83' lang='lat' dir='ltr'>nant</span> <span class='ocrx_word' id='word_1_293' title='bbox 386 1398 396 1416; x_wconf 81' lang='lat'>,</span> <span class='ocrx_word' id='word_1_294' title='bbox 406 1375 442 1410; x_wconf 66' lang='grc' dir='ltr'>ὃς</span> <span class='ocrx_word' id='word_1_295' title='bbox 450 1374 485 1409; x_wconf 83' lang='lat' dir='ltr'>in</span> <span class='ocrx_word' id='word_1_296' title='bbox 494 1374 769 1414; x_wconf 59' lang='lat' dir='ltr'>astumevolant,</span> <span class='ocrx_word' id='word_1_297' title='bbox 779 1371 845 1409; x_wconf 85' lang='lat' dir='ltr'>esse</span> <span class='ocrx_word' id='word_1_298' title='bbox 853 1373 1097 1409; x_wconf 86' lang='lat' dir='ltr'>Meteororum</span> <span class='ocrx_word' id='word_1_299' title='bbox 1108 1373 1285 1408; x_wconf 83' lang='lat' dir='ltr'>materiam</span> <span class='ocrx_word' id='word_1_300' title='bbox 1292 1373 1485 1420; x_wconf 84' lang='lat' dir='ltr'>proximam</span> <span class='ocrx_word' id='word_1_301' title='bbox 1495 1396 1505 1413; x_wconf 68' lang='lat' dir='ltr'>a</span> <span class='ocrx_word' id='word_1_302' title='bbox 1520 1374 1569 1409; x_wconf 91' lang='lat' dir='ltr'>uti</span> <span class='ocrx_word' id='word_1_303' title='bbox 1585 1375 1678 1409; x_wconf 86' lang='lat' dir='ltr'>enirn</span> <span class='ocrx_word' id='word_1_304' title='bbox 1686 1387 1781 1422; x_wconf 69' lang='lat' dir='ltr'>aquae</span> <span class='ocrx_word' id='word_1_305' title='bbox 1790 1375 1826 1410; x_wconf 74' lang='grc' dir='ltr'>ὅ(</span> <span class='ocrx_word' id='word_1_306' title='bbox 1833 1385 1930 1410; x_wconf 82' lang='lat' dir='ltr'>terrae</span> <span class='ocrx_word' id='word_1_307' title='bbox 1937 1399 1947 1416; x_wconf 81' lang='lat'>,</span> <span class='ocrx_word' id='word_1_308' title='bbox 1959 1376 2004 1412; x_wconf 76' lang='lat' dir='ltr'>ita</span> 
     </span>
     <span class='ocr_line' id='line_1_25' title="bbox 294 1419 2004 1508; baseline 0.001 -50"><span class='ocrx_word' id='word_1_309' title='bbox 294 1424 538 1508; x_wconf 44' lang='lat' dir='ltr'>1‹⁴31›cquarumv‘is</span> <span class='ocrx_word' id='word_1_310' title='bbox 547 1422 812 1458; x_wconf 83' lang='lat' dir='ltr'>aliarum&#39;rerum</span> <span class='ocrx_word' id='word_1_311' title='bbox 820 1421 1002 1459; x_wconf 81' lang='lat' dir='ltr'>effluviain</span> <span class='ocrx_word' id='word_1_312' title='bbox 1009 1421 1169 1462; x_wconf 82' lang='lat' dir='ltr'>nubes,in</span> <span class='ocrx_word' id='word_1_313' title='bbox 1178 1419 1308 1469; x_wconf 84' lang='lat' dir='ltr'>pluvias</span> <span class='ocrx_word' id='word_1_314' title='bbox 1316 1444 1327 1462; x_wconf 78' lang='lat'>,</span> <span class='ocrx_word' id='word_1_315' title='bbox 1341 1420 1377 1455; x_wconf 89' lang='lat' dir='ltr'>in</span> <span class='ocrx_word' id='word_1_316' title='bbox 1384 1419 1546 1462; x_wconf 84' lang='lat' dir='ltr'>fulrnina‚</span> <span class='ocrx_word' id='word_1_317' title='bbox 1567 1421 1602 1458; x_wconf 66' lang='grc' dir='ltr'>ὃς</span> <span class='ocrx_word' id='word_1_318' title='bbox 1616 1423 1652 1457; x_wconf 92' lang='lat' dir='ltr'>in</span> <span class='ocrx_word' id='word_1_319' title='bbox 1667 1423 1728 1458; x_wconf 88' lang='lat' dir='ltr'>alia</span> <span class='ocrx_word' id='word_1_320' title='bbox 1745 1423 1905 1459; x_wconf 90' lang='lat' dir='ltr'>Meteora</span> <span class='ocrx_word' id='word_1_321' title='bbox 1918 1436 2004 1460; x_wconf 85' lang='lat' dir='ltr'>con-</span> 
     </span>
    </p>

    <p class='ocr_par' dir='ltr' id='par_1_5' title="bbox 320 1483 431 1510">
     <span class='ocr_line' id='line_1_26' title="bbox 320 1483 431 1510; baseline 0.018 -2"><span class='ocrx_word' id='word_1_322' title='bbox 320 1483 431 1510; x_wconf 82' lang='lat' dir='ltr'>antur.</span> 
     </span>
    </p>

    <p class='ocr_par' dir='ltr' id='par_1_6' title="bbox 271 1514 2002 1715">
     <span class='ocr_line' id='line_1_27' title="bbox 384 1514 2001 1568; baseline 0 -12"><span class='ocrx_word' id='word_1_323' title='bbox 384 1520 538 1568; x_wconf 83' lang='lat' dir='ltr'>Colliges</span> <span class='ocrx_word' id='word_1_324' title='bbox 549 1523 667 1555; x_wconf 85' lang='lat' dir='ltr'>tamen</span> <span class='ocrx_word' id='word_1_325' title='bbox 677 1518 841 1558; x_wconf 82' lang='lat' dir='ltr'>secundo,</span> <span class='ocrx_word' id='word_1_326' title='bbox 851 1529 916 1554; x_wconf 89' lang='lat' dir='ltr'>nos</span> <span class='ocrx_word' id='word_1_327' title='bbox 926 1527 989 1566; x_wconf 89' lang='lat' dir='ltr'>per</span> <span class='ocrx_word' id='word_1_328' title='bbox 995 1519 1066 1553; x_wconf 90' lang='lat' dir='ltr'>hoc</span> <span class='ocrx_word' id='word_1_329' title='bbox 1076 1529 1150 1553; x_wconf 87' lang='lat' dir='ltr'>non</span> <span class='ocrx_word' id='word_1_330' title='bbox 1158 1517 1323 1551; x_wconf 85' lang='lat' dir='ltr'>recedere</span> <span class='ocrx_word' id='word_1_331' title='bbox 1330 1517 1348 1551; x_wconf 75' lang='lat' dir='ltr'>a</span> <span class='ocrx_word' id='word_1_332' title='bbox 1357 1514 1523 1552; x_wconf 86' lang='lat' dir='ltr'>sententia</span> <span class='ocrx_word' id='word_1_333' title='bbox 1530 1517 1719 1553; x_wconf 86' lang='lat' dir='ltr'>Aristotelis</span> <span class='ocrx_word' id='word_1_334' title='bbox 1729 1518 2001 1560; x_wconf 83' lang='lat' dir='ltr'>statuentis‚duas</span> 
     </span>
     <span class='ocr_line' id='line_1_28' title="bbox 271 1565 2002 1615; baseline -0.001 -10"><span class='ocrx_word' id='word_1_335' title='bbox 271 1569 417 1605; x_wconf 46' lang='lat' dir='ltr'>*tantum</span> <span class='ocrx_word' id='word_1_336' title='bbox 427 1578 635 1603; x_wconf 87' lang='lat' dir='ltr'>communes</span> <span class='ocrx_word' id='word_1_337' title='bbox 645 1566 771 1615; x_wconf 89' lang='lat' dir='ltr'>species</span> <span class='ocrx_word' id='word_1_338' title='bbox 779 1566 1046 1614; x_wconf 83' lang='lat' dir='ltr'>exspirationum</span> <span class='ocrx_word' id='word_1_339' title='bbox 1054 1575 1218 1613; x_wconf 84' lang='lat' dir='ltr'>vaporem</span> <span class='ocrx_word' id='word_1_340' title='bbox 1227 1565 1392 1612; x_wconf 82' lang='lat' dir='ltr'>nempe&amp;</span> <span class='ocrx_word' id='word_1_341' title='bbox 1400 1565 1745 1614; x_wconf 73' lang='lat' dir='ltr'>exhalationem,quia</span> <span class='ocrx_word' id='word_1_342' title='bbox 1753 1569 1869 1603; x_wconf 79' lang='lat' dir='ltr'>revera</span> <span class='ocrx_word' id='word_1_343' title='bbox 1878 1570 1920 1604; x_wconf 90' lang='lat' dir='ltr'>ad</span> <span class='ocrx_word' id='word_1_344' title='bbox 1929 1570 2002 1606; x_wconf 82' lang='lat' dir='ltr'>haec</span> 
     </span>
     <span class='ocr_line' id='line_1_29' title="bbox 279 1612 1998 1663; baseline 0 -11"><span class='ocrx_word' id='word_1_345' title='bbox 279 1619 353 1653; x_wconf 90' lang='lat' dir='ltr'>duo</span> <span class='ocrx_word' id='word_1_346' title='bbox 365 1616 586 1652; x_wconf 80' lang='lat' dir='ltr'>effluviorum</span> <span class='ocrx_word' id='word_1_347' title='bbox 596 1615 727 1650; x_wconf 87' lang='lat' dir='ltr'>summa</span> <span class='ocrx_word' id='word_1_348' title='bbox 735 1614 1026 1663; x_wconf 60' lang='lat' dir='ltr'>genera&#39;respec&#39;tu</span> <span class='ocrx_word' id='word_1_349' title='bbox 1034 1614 1070 1648; x_wconf 88' lang='lat' dir='ltr'>in</span> <span class='ocrx_word' id='word_1_350' title='bbox 1080 1613 1264 1652; x_wconf 69' lang='lat' dir='ltr'>seriorum,</span> <span class='ocrx_word' id='word_1_351' title='bbox 1273 1614 1391 1648; x_wconf 87' lang='lat' dir='ltr'>omnia</span> <span class='ocrx_word' id='word_1_352' title='bbox 1398 1613 1526 1661; x_wconf 89' lang='lat' dir='ltr'>reliqua</span> <span class='ocrx_word' id='word_1_353' title='bbox 1536 1612 1673 1649; x_wconf 86' lang='lat' dir='ltr'>es&#39;fluvia</span> <span class='ocrx_word' id='word_1_354' title='bbox 1680 1616 1836 1650; x_wconf 82' lang='lat' dir='ltr'>revocari</span> <span class='ocrx_word' id='word_1_355' title='bbox 1845 1615 1939 1663; x_wconf 83' lang='lat' dir='ltr'>poffu</span> <span class='ocrx_word' id='word_1_356' title='bbox 1945 1628 1998 1658; x_wconf 87' lang='lat' dir='ltr'>nt,</span> 
     </span>
     <span class='ocr_line' id='line_1_30' title="bbox 279 1661 1950 1715; baseline -0.001 -14"><span class='ocrx_word' id='word_1_357' title='bbox 279 1665 450 1715; x_wconf 88' lang='lat' dir='ltr'>quidquid</span> <span class='ocrx_word' id='word_1_358' title='bbox 463 1665 602 1700; x_wconf 89' lang='lat' dir='ltr'>enimin</span> <span class='ocrx_word' id='word_1_359' title='bbox 610 1663 718 1699; x_wconf 85' lang='lat' dir='ltr'>altum</span> <span class='ocrx_word' id='word_1_360' title='bbox 726 1663 889 1703; x_wconf 82' lang='lat' dir='ltr'>ascendit,</span> <span class='ocrx_word' id='word_1_361' title='bbox 899 1673 959 1698; x_wconf 87' lang='lat' dir='ltr'>aut</span> <span class='ocrx_word' id='word_1_362' title='bbox 968 1662 1153 1698; x_wconf 86' lang='lat' dir='ltr'>humidum</span> <span class='ocrx_word' id='word_1_363' title='bbox 1165 1661 1220 1696; x_wconf 86' lang='lat' dir='ltr'>seu</span> <span class='ocrx_word' id='word_1_364' title='bbox 1229 1673 1379 1708; x_wconf 84' lang='lat' dir='ltr'>aqueum</span> <span class='ocrx_word' id='word_1_365' title='bbox 1391 1661 1453 1701; x_wconf 81' lang='lat' dir='ltr'>est,</span> <span class='ocrx_word' id='word_1_366' title='bbox 1469 1671 1528 1697; x_wconf 88' lang='lat' dir='ltr'>aut</span> <span class='ocrx_word' id='word_1_367' title='bbox 1537 1663 1663 1697; x_wconf 89' lang='lat' dir='ltr'>siccum</span> <span class='ocrx_word' id='word_1_368' title='bbox 1681 1662 1735 1698; x_wconf 89' lang='lat' dir='ltr'>seu</span> <span class='ocrx_word' id='word_1_369' title='bbox 1751 1664 1950 1711; x_wconf 87' lang='lat' dir='ltr'>spiritosum.</span> 
     </span>
    </p>

    <p class='ocr_par' dir='ltr' id='par_1_7' title="bbox 281 1710 2002 2294">
     <span class='ocr_line' id='line_1_31' title="bbox 324 1710 1997 1760; baseline -0.001 -12"><span class='ocrx_word' id='word_1_370' title='bbox 324 1754 325 1757; x_wconf 11' lang='grc' dir='ltr'><strong>Ἴ</strong></span> <span class='ocrx_word' id='word_1_371' title='bbox 375 1712 571 1748; x_wconf 60' lang='lat' dir='ltr'>&#39;Conclusio</span> <span class='ocrx_word' id='word_1_372' title='bbox 583 1712 694 1748; x_wconf 82' lang='lat' dir='ltr'>tertia.</span> <span class='ocrx_word' id='word_1_373' title='bbox 745 1712 1014 1746; x_wconf 80' lang='lat' dir='ltr'>Exhalationum</span> <span class='ocrx_word' id='word_1_374' title='bbox 1022 1711 1146 1745; x_wconf 86' lang='lat' dir='ltr'>harum</span> <span class='ocrx_word' id='word_1_375' title='bbox 1155 1721 1228 1745; x_wconf 86' lang='lat' dir='ltr'>non</span> <span class='ocrx_word' id='word_1_376' title='bbox 1249 1722 1316 1744; x_wconf 86' lang='lat' dir='ltr'>una</span> <span class='ocrx_word' id='word_1_377' title='bbox 1334 1710 1528 1757; x_wconf 77' lang='lat' dir='ltr'>eademque</span> <span class='ocrx_word' id='word_1_378' title='bbox 1543 1711 1729 1758; x_wconf 81' lang='lat' dir='ltr'>proprietas</span> <span class='ocrx_word' id='word_1_379' title='bbox 1745 1712 1791 1747; x_wconf 88' lang='lat' dir='ltr'>est</span> <span class='ocrx_word' id='word_1_380' title='bbox 1804 1725 1815 1757; x_wconf 78' lang='lat'>3</span> <span class='ocrx_word' id='word_1_381' title='bbox 1840 1715 1997 1760; x_wconf 69' lang='lat' dir='ltr'>quaedam</span> 
     </span>
     <span class='ocr_line' id='line_1_32' title="bbox 284 1758 1996 1808; baseline -0.001 -10"><span class='ocrx_word' id='word_1_382' title='bbox 284 1762 378 1798; x_wconf 87' lang='lat' dir='ltr'>enim</span> <span class='ocrx_word' id='word_1_383' title='bbox 387 1760 601 1797; x_wconf 72' lang='lat' dir='ltr'>transversim</span> <span class='ocrx_word' id='word_1_384' title='bbox 611 1760 882 1808; x_wconf 88' lang='lat' dir='ltr'>circumquaque</span> <span class='ocrx_word' id='word_1_385' title='bbox 890 1759 1132 1795; x_wconf 82' lang='lat' dir='ltr'>distenduntur</span> <span class='ocrx_word' id='word_1_386' title='bbox 1140 1781 1150 1798; x_wconf 66' lang='lat'>2</span> <span class='ocrx_word' id='word_1_387' title='bbox 1158 1767 1197 1792; x_wconf 88' lang='lat' dir='ltr'>ut</span> <span class='ocrx_word' id='word_1_388' title='bbox 1211 1758 1329 1794; x_wconf 87' lang='lat' dir='ltr'>videre</span> <span class='ocrx_word' id='word_1_389' title='bbox 1343 1758 1389 1792; x_wconf 87' lang='lat' dir='ltr'>est</span> <span class='ocrx_word' id='word_1_390' title='bbox 1401 1758 1435 1792; x_wconf 90' lang='lat' dir='ltr'>in</span> <span class='ocrx_word' id='word_1_391' title='bbox 1446 1759 1665 1794; x_wconf 81' lang='lat' dir='ltr'>exhalatione</span> <span class='ocrx_word' id='word_1_392' title='bbox 1675 1761 1801 1800; x_wconf 79' lang='lat' dir='ltr'>thuris,</span> <span class='ocrx_word' id='word_1_393' title='bbox 1814 1760 1996 1800; x_wconf 77' lang='lat' dir='ltr'>videlicet,</span> 
     </span>
     <span class='ocr_line' id='line_1_33' title="bbox 281 1805 2000 1856; baseline -0.001 -10"><span class='ocrx_word' id='word_1_394' title='bbox 281 1812 364 1847; x_wconf 78' lang='lat' dir='ltr'>cum</span> <span class='ocrx_word' id='word_1_395' title='bbox 380 1809 519 1845; x_wconf 80' lang='lat' dir='ltr'>effluvia</span> <span class='ocrx_word' id='word_1_396' title='bbox 530 1805 688 1844; x_wconf 84' lang='lat' dir='ltr'>craffiora</span> <span class='ocrx_word' id='word_1_397' title='bbox 696 1808 892 1855; x_wconf 76' lang='lat' dir='ltr'>sint,aequali</span> <span class='ocrx_word' id='word_1_398' title='bbox 902 1808 1157 1855; x_wconf 82' lang='lat' dir='ltr'>aequilibrantur</span> <span class='ocrx_word' id='word_1_399' title='bbox 1165 1807 1206 1841; x_wconf 89' lang='lat' dir='ltr'>ab</span> <span class='ocrx_word' id='word_1_400' title='bbox 1216 1806 1496 1842; x_wconf 69' lang='lat' dir='ltr'>aere.N011nullae</span> <span class='ocrx_word' id='word_1_401' title='bbox 1506 1807 1778 1842; x_wconf 82' lang='lat' dir='ltr'>determinantur</span> <span class='ocrx_word' id='word_1_402' title='bbox 1787 1810 2000 1856; x_wconf 85' lang='lat' dir='ltr'>quandoque</span> 
     </span>
     <span class='ocr_line' id='line_1_34' title="bbox 281 1854 2000 1903; baseline -0.001 -9"><span class='ocrx_word' id='word_1_403' title='bbox 281 1861 440 1895; x_wconf 86' lang='lat' dir='ltr'>adunam</span> <span class='ocrx_word' id='word_1_404' title='bbox 449 1856 672 1896; x_wconf 61' lang='lat' dir='ltr'>viam2velex</span> <span class='ocrx_word' id='word_1_405' title='bbox 682 1867 783 1891; x_wconf 89' lang='lat' dir='ltr'>motu</span> <span class='ocrx_word' id='word_1_406' title='bbox 793 1857 876 1891; x_wconf 78' lang='lat' dir='ltr'>aeris</span> <span class='ocrx_word' id='word_1_407' title='bbox 886 1879 896 1896; x_wconf 88' lang='lat'><strong>‚</strong></span> <span class='ocrx_word' id='word_1_408' title='bbox 913 1856 969 1891; x_wconf 88' lang='lat' dir='ltr'>vel</span> <span class='ocrx_word' id='word_1_409' title='bbox 977 1855 1077 1903; x_wconf 87' lang='lat' dir='ltr'>ipsius</span> <span class='ocrx_word' id='word_1_410' title='bbox 1094 1855 1249 1902; x_wconf 86' lang='lat' dir='ltr'>corporis</span> <span class='ocrx_word' id='word_1_411' title='bbox 1265 1854 1464 1892; x_wconf 75' lang='lat' dir='ltr'>exhalantis.</span> <span class='ocrx_word' id='word_1_412' title='bbox 1516 1855 1612 1889; x_wconf 89' lang='lat' dir='ltr'>Hinc</span> <span class='ocrx_word' id='word_1_413' title='bbox 1626 1856 1712 1890; x_wconf 86' lang='lat' dir='ltr'>ratio</span> <span class='ocrx_word' id='word_1_414' title='bbox 1729 1856 1884 1891; x_wconf 89' lang='lat' dir='ltr'>redditur</span> <span class='ocrx_word' id='word_1_415' title='bbox 1902 1879 1913 1897; x_wconf 82' lang='lat'><strong>‚</strong></span> <span class='ocrx_word' id='word_1_416' title='bbox 1939 1869 2000 1892; x_wconf 91' lang='lat' dir='ltr'>cur</span> 
     </span>
     <span class='ocr_line' id='line_1_35' title="bbox 285 1902 1999 1953; baseline -0.001 -11"><span class='ocrx_word' id='word_1_417' title='bbox 285 1908 379 1943; x_wconf 88' lang='lat' dir='ltr'>canis</span> <span class='ocrx_word' id='word_1_418' title='bbox 390 1908 424 1941; x_wconf 94' lang='lat' dir='ltr'>in</span> <span class='ocrx_word' id='word_1_419' title='bbox 435 1907 529 1942; x_wconf 91' lang='lat' dir='ltr'>bivio</span> <span class='ocrx_word' id='word_1_420' title='bbox 540 1905 745 1941; x_wconf 88' lang='lat' dir='ltr'>constitutus</span> <span class='ocrx_word' id='word_1_421' title='bbox 752 1905 842 1940; x_wconf 88' lang='lat' dir='ltr'>viam</span> <span class='ocrx_word' id='word_1_422' title='bbox 852 1903 1045 1953; x_wconf 78' lang='lat' dir='ltr'>dignoscat,</span> <span class='ocrx_word' id='word_1_423' title='bbox 1060 1914 1122 1950; x_wconf 89' lang='lat' dir='ltr'>per</span> <span class='ocrx_word' id='word_1_424' title='bbox 1130 1914 1232 1950; x_wconf 86' lang='lat' dir='ltr'>quam</span> <span class='ocrx_word' id='word_1_425' title='bbox 1245 1903 1347 1937; x_wconf 89' lang='lat' dir='ltr'>herus</span> <span class='ocrx_word' id='word_1_426' title='bbox 1358 1902 1506 1951; x_wconf 84' lang='lat' dir='ltr'>perrexit</span> <span class='ocrx_word' id='word_1_427' title='bbox 1520 1916 1531 1948; x_wconf 80' lang='lat'>3</span> <span class='ocrx_word' id='word_1_428' title='bbox 1556 1904 1720 1939; x_wconf 78' lang='lat' dir='ltr'>nimirum</span> <span class='ocrx_word' id='word_1_429' title='bbox 1736 1904 1908 1940; x_wconf 77' lang='lat' dir='ltr'>exhalatio</span> <span class='ocrx_word' id='word_1_430' title='bbox 1924 1906 1999 1940; x_wconf 89' lang='lat' dir='ltr'>reli-</span> 
     </span>
     <span class='ocr_line' id='line_1_36' title="bbox 286 1951 2002 2002; baseline -0.002 -10"><span class='ocrx_word' id='word_1_431' title='bbox 286 1955 342 1992; x_wconf 63' lang='grc' dir='ltr'>δὶα</span> <span class='ocrx_word' id='word_1_432' title='bbox 350 1957 391 1991; x_wconf 91' lang='lat' dir='ltr'>ab</span> <span class='ocrx_word' id='word_1_433' title='bbox 401 1955 475 1990; x_wconf 88' lang='lat' dir='ltr'>heri</span> <span class='ocrx_word' id='word_1_434' title='bbox 485 1965 633 2002; x_wconf 85' lang='lat' dir='ltr'>corpore</span> <span class='ocrx_word' id='word_1_435' title='bbox 641 1976 651 1993; x_wconf 77' lang='lat'>,</span> <span class='ocrx_word' id='word_1_436' title='bbox 661 1953 696 1990; x_wconf 72' lang='grc' dir='ltr'>ὅ(</span> <span class='ocrx_word' id='word_1_437' title='bbox 707 1965 766 2001; x_wconf 88' lang='lat' dir='ltr'>per</span> <span class='ocrx_word' id='word_1_438' title='bbox 774 1952 920 1988; x_wconf 66' lang='lat' dir='ltr'>tranum</span> <span class='ocrx_word' id='word_1_439' title='bbox 928 1953 990 1989; x_wconf 78' lang='lat' dir='ltr'>viae</span> <span class='ocrx_word' id='word_1_440' title='bbox 999 1952 1209 1988; x_wconf 73' lang='lat' dir='ltr'>continuatae</span> <span class='ocrx_word' id='word_1_441' title='bbox 1218 1951 1384 1986; x_wconf 90' lang='lat' dir='ltr'>indicium</span> <span class='ocrx_word' id='word_1_442' title='bbox 1393 1952 1530 2000; x_wconf 68' lang='lat' dir='ltr'>praebet.</span> <span class='ocrx_word' id='word_1_443' title='bbox 1579 1952 1662 1987; x_wconf 81' lang='lat' dir='ltr'>Aliae</span> <span class='ocrx_word' id='word_1_444' title='bbox 1673 1953 1907 1988; x_wconf 83' lang='lat' dir='ltr'>exhalationes</span> <span class='ocrx_word' id='word_1_445' title='bbox 1915 1954 2002 1994; x_wconf 77' lang='lat' dir='ltr'>sunt,</span> 
     </span>
     <span class='ocr_line' id='line_1_37' title="bbox 286 1999 2002 2053; baseline -0.001 -14"><span class='ocrx_word' id='word_1_446' title='bbox 286 2016 363 2053; x_wconf 78' lang='lat' dir='ltr'>quoe</span> <span class='ocrx_word' id='word_1_447' title='bbox 374 2003 577 2051; x_wconf 86' lang='lat' dir='ltr'>corporibus</span> <span class='ocrx_word' id='word_1_448' title='bbox 588 2003 755 2037; x_wconf 78' lang='lat' dir='ltr'>extraneis</span> <span class='ocrx_word' id='word_1_449' title='bbox 768 2001 837 2049; x_wconf 86' lang='lat' dir='ltr'>ipso</span> <span class='ocrx_word' id='word_1_450' title='bbox 847 2000 1010 2036; x_wconf 54' lang='lat' dir='ltr'>contestu</span> <span class='ocrx_word' id='word_1_451' title='bbox 1020 1999 1266 2039; x_wconf 60' lang='lat' dir='ltr'>adhaerescunt,</span> <span class='ocrx_word' id='word_1_452' title='bbox 1277 1999 1320 2034; x_wconf 85' lang='lat' dir='ltr'>sic</span> <span class='ocrx_word' id='word_1_453' title='bbox 1329 2000 1387 2047; x_wconf 90' lang='lat' dir='ltr'>qui</span> <span class='ocrx_word' id='word_1_454' title='bbox 1396 2001 1486 2035; x_wconf 87' lang='lat' dir='ltr'>inter</span> <span class='ocrx_word' id='word_1_455' title='bbox 1496 2000 1623 2035; x_wconf 90' lang='lat' dir='ltr'>odores</span> <span class='ocrx_word' id='word_1_456' title='bbox 1633 2001 1691 2035; x_wconf 92' lang='lat' dir='ltr'>diu</span> <span class='ocrx_word' id='word_1_457' title='bbox 1700 2000 1818 2036; x_wconf 77' lang='lat' dir='ltr'>versati</span> <span class='ocrx_word' id='word_1_458' title='bbox 1827 2001 2002 2042; x_wconf 63' lang='lat' dir='ltr'>[nundum</span> 
     </span>
     <span class='ocr_line' id='line_1_38' title="bbox 283 2046 2001 2099; baseline -0.001 -11"><span class='ocrx_word' id='word_1_459' title='bbox 283 2055 432 2091; x_wconf 82' lang='lat' dir='ltr'>abeunt,</span> <span class='ocrx_word' id='word_1_460' title='bbox 454 2052 567 2087; x_wconf 73' lang='lat' dir='ltr'>secum</span> <span class='ocrx_word' id='word_1_461' title='bbox 577 2051 749 2099; x_wconf 85' lang='lat' dir='ltr'>asportant</span> <span class='ocrx_word' id='word_1_462' title='bbox 758 2051 954 2085; x_wconf 59' lang='lat' dir='ltr'>odoriferos</span> <span class='ocrx_word' id='word_1_463' title='bbox 965 2049 1135 2097; x_wconf 80' lang='lat' dir='ltr'>quosdam</span> <span class='ocrx_word' id='word_1_464' title='bbox 1145 2047 1280 2086; x_wconf 31' lang='lat' dir='ltr'>halitusr</span> <span class='ocrx_word' id='word_1_465' title='bbox 1330 2047 1511 2083; x_wconf 88' lang='lat' dir='ltr'>Nonnulla</span> <span class='ocrx_word' id='word_1_466' title='bbox 1528 2046 1667 2083; x_wconf 86' lang='lat' dir='ltr'>effluvia</span> <span class='ocrx_word' id='word_1_467' title='bbox 1676 2061 1757 2085; x_wconf 88' lang='lat' dir='ltr'>cum</span> <span class='ocrx_word' id='word_1_468' title='bbox 1767 2050 1867 2085; x_wconf 89' lang='lat' dir='ltr'>certis</span> <span class='ocrx_word' id='word_1_469' title='bbox 1875 2050 1946 2085; x_wconf 89' lang='lat' dir='ltr'>aliis</span> <span class='ocrx_word' id='word_1_470' title='bbox 1953 2053 2001 2086; x_wconf 79' lang='lat' dir='ltr'>sa-</span> 
     </span>
     <span class='ocr_line' id='line_1_39' title="bbox 283 2094 2000 2146; baseline -0.002 -9"><span class='ocrx_word' id='word_1_471' title='bbox 283 2101 349 2137; x_wconf 78' lang='lat' dir='ltr'>cile</span> <span class='ocrx_word' id='word_1_472' title='bbox 359 2112 401 2136; x_wconf 93' lang='lat' dir='ltr'>co</span> <span class='ocrx_word' id='word_1_473' title='bbox 408 2099 677 2139; x_wconf 59' lang='lat' dir='ltr'>mmis&#39;centun&amp;</span> <span class='ocrx_word' id='word_1_474' title='bbox 687 2099 832 2134; x_wconf 87' lang='lat' dir='ltr'>subeunt</span> <span class='ocrx_word' id='word_1_475' title='bbox 840 2121 850 2138; x_wconf 78' lang='lat'>‚</span> <span class='ocrx_word' id='word_1_476' title='bbox 859 2098 1122 2146; x_wconf 66' lang='lat' dir='ltr'>pervadiintque</span> <span class='ocrx_word' id='word_1_477' title='bbox 1131 2105 1246 2131; x_wconf 86' lang='lat' dir='ltr'>totum</span> <span class='ocrx_word' id='word_1_478' title='bbox 1254 2094 1401 2131; x_wconf 62' lang='lat' dir='ltr'>traditum</span> <span class='ocrx_word' id='word_1_479' title='bbox 1410 2095 1544 2132; x_wconf 84' lang='lat' dir='ltr'>alterius</span> <span class='ocrx_word' id='word_1_480' title='bbox 1553 2095 1686 2132; x_wconf 74' lang='lat' dir='ltr'>cffiuvii</span> <span class='ocrx_word' id='word_1_481' title='bbox 1693 2120 1703 2137; x_wconf 64' lang='lat' dir='ltr'>a</span> <span class='ocrx_word' id='word_1_482' title='bbox 1720 2097 1816 2133; x_wconf 90' lang='lat' dir='ltr'>secus</span> <span class='ocrx_word' id='word_1_483' title='bbox 1825 2100 1908 2133; x_wconf 83' lang='lat' dir='ltr'>vero</span> <span class='ocrx_word' id='word_1_484' title='bbox 1918 2111 2000 2134; x_wconf 88' lang='lat' dir='ltr'>cum</span> 
     </span>
     <span class='ocr_line' id='line_1_40' title="bbox 284 2144 2001 2198; baseline -0.001 -14"><span class='ocrx_word' id='word_1_485' title='bbox 284 2150 492 2198; x_wconf 81' lang='lat' dir='ltr'>quibusdam</span> <span class='ocrx_word' id='word_1_486' title='bbox 512 2148 594 2183; x_wconf 79' lang='lat' dir='ltr'>aliis.</span> <span class='ocrx_word' id='word_1_487' title='bbox 645 2146 850 2195; x_wconf 74' lang='lat' dir='ltr'>Exemplum</span> <span class='ocrx_word' id='word_1_488' title='bbox 860 2146 1204 2193; x_wconf 82' lang='lat' dir='ltr'>exhibentliquore53</span> <span class='ocrx_word' id='word_1_489' title='bbox 1221 2156 1308 2192; x_wconf 86' lang='lat' dir='ltr'>aqua</span> <span class='ocrx_word' id='word_1_490' title='bbox 1316 2145 1410 2180; x_wconf 89' lang='lat' dir='ltr'>enim</span> <span class='ocrx_word' id='word_1_491' title='bbox 1421 2144 1518 2180; x_wconf 77' lang='lat' dir='ltr'>facile</span> <span class='ocrx_word' id='word_1_492' title='bbox 1533 2145 1694 2180; x_wconf 89' lang='lat' dir='ltr'>miscetur</span> <span class='ocrx_word' id='word_1_493' title='bbox 1707 2157 1788 2181; x_wconf 91' lang='lat' dir='ltr'>cum</span> <span class='ocrx_word' id='word_1_494' title='bbox 1806 2147 1890 2183; x_wconf 86' lang='lat' dir='ltr'>vino</span> <span class='ocrx_word' id='word_1_495' title='bbox 1900 2170 1910 2187; x_wconf 69' lang='lat' dir='ltr'>a</span> <span class='ocrx_word' id='word_1_496' title='bbox 1927 2160 2001 2183; x_wconf 89' lang='lat' dir='ltr'>non</span> 
     </span>
     <span class='ocr_line' id='line_1_41' title="bbox 283 2187 1997 2245; baseline -0.001 -12"><span class='ocrx_word' id='word_1_497' title='bbox 283 2198 369 2233; x_wconf 86' lang='lat' dir='ltr'>item</span> <span class='ocrx_word' id='word_1_498' title='bbox 379 2210 459 2232; x_wconf 86' lang='lat' dir='ltr'>cum</span> <span class='ocrx_word' id='word_1_499' title='bbox 470 2196 549 2232; x_wconf 83' lang='lat' dir='ltr'>oleo</span> <span class='ocrx_word' id='word_1_500' title='bbox 558 2219 568 2236; x_wconf 63' lang='lat'>2</span> <span class='ocrx_word' id='word_1_501' title='bbox 593 2196 701 2243; x_wconf 86' lang='lat' dir='ltr'>idque</span> <span class='ocrx_word' id='word_1_502' title='bbox 718 2208 791 2230; x_wconf 90' lang='lat' dir='ltr'>non</span> <span class='ocrx_word' id='word_1_503' title='bbox 802 2195 910 2230; x_wconf 76' lang='lat' dir='ltr'>solnm</span> <span class='ocrx_word' id='word_1_504' title='bbox 921 2202 963 2230; x_wconf 78' lang='lat' dir='ltr'>ex</span> <span class='ocrx_word' id='word_1_505' title='bbox 977 2195 1141 2245; x_wconf 79' lang='lat' dir='ltr'>gravitate</span> <span class='ocrx_word' id='word_1_506' title='bbox 1150 2216 1160 2232; x_wconf 84' lang='lat'>,</span> <span class='ocrx_word' id='word_1_507' title='bbox 1176 2187 1232 2227; x_wconf 84' lang='lat' dir='ltr'>sed</span> <span class='ocrx_word' id='word_1_508' title='bbox 1248 2204 1290 2228; x_wconf 87' lang='lat' dir='ltr'>ex</span> <span class='ocrx_word' id='word_1_509' title='bbox 1307 2192 1526 2240; x_wconf 82' lang='lat' dir='ltr'>dispositione</span> <span class='ocrx_word' id='word_1_510' title='bbox 1541 2193 1606 2240; x_wconf 84' lang='lat' dir='ltr'>ipsa</span> <span class='ocrx_word' id='word_1_511' title='bbox 1621 2194 1862 2241; x_wconf 83' lang='lat' dir='ltr'>particularum</span> <span class='ocrx_word' id='word_1_512' title='bbox 1877 2218 1889 2235; x_wconf 67' lang='lat'>2</span> <span class='ocrx_word' id='word_1_513' title='bbox 1916 2208 1997 2231; x_wconf 88' lang='lat' dir='ltr'>nam</span> 
     </span>
     <span class='ocr_line' id='line_1_42' title="bbox 284 2241 1902 2294; baseline -0.002 -12"><span class='ocrx_word' id='word_1_514' title='bbox 284 2257 462 2294; x_wconf 76' lang='lat' dir='ltr'>aqua‚quae</span> <span class='ocrx_word' id='word_1_515' title='bbox 473 2244 572 2281; x_wconf 64' lang='lat' dir='ltr'>facile·</span> <span class='ocrx_word' id='word_1_516' title='bbox 585 2244 649 2279; x_wconf 84' lang='lat' dir='ltr'>sese</span> <span class='ocrx_word' id='word_1_517' title='bbox 669 2243 822 2284; x_wconf 78' lang='lat' dir='ltr'>insinuat,</span> <span class='ocrx_word' id='word_1_518' title='bbox 831 2245 1022 2291; x_wconf 81' lang='lat' dir='ltr'>pertubum</span> <span class='ocrx_word' id='word_1_519' title='bbox 1032 2242 1174 2290; x_wconf 86' lang='lat' dir='ltr'>plenum</span> <span class='ocrx_word' id='word_1_520' title='bbox 1182 2241 1266 2277; x_wconf 85' lang='lat' dir='ltr'>vino</span> <span class='ocrx_word' id='word_1_521' title='bbox 1276 2254 1287 2286; x_wconf 83' lang='lat'>3</span> <span class='ocrx_word' id='word_1_522' title='bbox 1304 2253 1377 2276; x_wconf 90' lang='lat' dir='ltr'>non</span> <span class='ocrx_word' id='word_1_523' title='bbox 1387 2241 1513 2277; x_wconf 89' lang='lat' dir='ltr'>subitin</span> <span class='ocrx_word' id='word_1_524' title='bbox 1523 2243 1646 2276; x_wconf 88' lang='lat' dir='ltr'>tubum</span> <span class='ocrx_word' id='word_1_525' title='bbox 1658 2242 1738 2277; x_wconf 88' lang='lat' dir='ltr'>oleo</span> <span class='ocrx_word' id='word_1_526' title='bbox 1748 2242 1902 2291; x_wconf 83' lang='lat' dir='ltr'>plenum.</span> 
     </span>
    </p>

    <p class='ocr_par' dir='ltr' id='par_1_8' title="bbox 281 2289 1999 2427">
     <span class='ocr_line' id='line_1_43' title="bbox 281 2289 1999 2340; baseline 0 -12"><span class='ocrx_word' id='word_1_527' title='bbox 281 2337 283 2340; x_wconf 14' lang='grc' dir='ltr'><em>Α</em></span> <span class='ocrx_word' id='word_1_528' title='bbox 381 2295 430 2328; x_wconf 74' lang='lat' dir='ltr'>Ex</span> <span class='ocrx_word' id='word_1_529' title='bbox 439 2293 490 2328; x_wconf 89' lang='lat' dir='ltr'>his</span> <span class='ocrx_word' id='word_1_530' title='bbox 500 2293 681 2328; x_wconf 85' lang='lat' dir='ltr'>deducitur</span> <span class='ocrx_word' id='word_1_531' title='bbox 711 2292 800 2327; x_wconf 79' lang='lat' dir='ltr'>rimo</span> <span class='ocrx_word' id='word_1_532' title='bbox 809 2315 819 2331; x_wconf 79' lang='lat'><strong>‚</strong></span> <span class='ocrx_word' id='word_1_533' title='bbox 841 2292 876 2327; x_wconf 91' lang='lat' dir='ltr'>in</span> <span class='ocrx_word' id='word_1_534' title='bbox 891 2292 982 2327; x_wconf 86' lang='lat' dir='ltr'>hanc</span> <span class='ocrx_word' id='word_1_535' title='bbox 998 2291 1205 2326; x_wconf 82' lang='lat' dir='ltr'>mixtionem</span> <span class='ocrx_word' id='word_1_536' title='bbox 1223 2289 1397 2338; x_wconf 89' lang='lat' dir='ltr'>spirituum</span> <span class='ocrx_word' id='word_1_537' title='bbox 1412 2290 1511 2326; x_wconf 83' lang='lat' dir='ltr'>facile</span> <span class='ocrx_word' id='word_1_538' title='bbox 1525 2290 1641 2325; x_wconf 77' lang='lat' dir='ltr'>referri</span> <span class='ocrx_word' id='word_1_539' title='bbox 1651 2301 1688 2325; x_wconf 96' lang='lat' dir='ltr'>ut</span> <span class='ocrx_word' id='word_1_540' title='bbox 1698 2291 1732 2325; x_wconf 88' lang='lat' dir='ltr'>in</span> <span class='ocrx_word' id='word_1_541' title='bbox 1743 2291 1878 2326; x_wconf 87' lang='lat' dir='ltr'>causam</span> <span class='ocrx_word' id='word_1_542' title='bbox 1887 2314 1898 2332; x_wconf 67' lang='lat'>2</span> <span class='ocrx_word' id='word_1_543' title='bbox 1916 2292 1999 2328; x_wconf 84' lang='lat' dir='ltr'>effe-</span> 
     </span>
     <span class='ocr_line' id='line_1_44' title="bbox 282 2337 1998 2388; baseline 0 -10"><span class='ocrx_word' id='word_1_544' title='bbox 282 2342 358 2379; x_wconf 67' lang='lat' dir='ltr'>&amp;us</span> <span class='ocrx_word' id='word_1_545' title='bbox 367 2341 556 2377; x_wconf 80' lang='lat' dir='ltr'>nonnullos</span> <span class='ocrx_word' id='word_1_546' title='bbox 564 2341 683 2376; x_wconf 89' lang='lat' dir='ltr'>mirabi</span> <span class='ocrx_word' id='word_1_547' title='bbox 699 2351 733 2376; x_wconf 88' lang='lat' dir='ltr'>es</span> <span class='ocrx_word' id='word_1_548' title='bbox 743 2363 753 2382; x_wconf 66' lang='lat'>2</span> <span class='ocrx_word' id='word_1_549' title='bbox 769 2341 925 2388; x_wconf 83' lang='lat' dir='ltr'>ite‘mque</span> <span class='ocrx_word' id='word_1_550' title='bbox 934 2339 1104 2376; x_wconf 82' lang='lat' dir='ltr'>naturales</span> <span class='ocrx_word' id='word_1_551' title='bbox 1115 2360 1125 2380; x_wconf 82' lang='lat'>‚</span> <span class='ocrx_word' id='word_1_552' title='bbox 1141 2350 1183 2375; x_wconf 85' lang='lat' dir='ltr'>ex</span> <span class='ocrx_word' id='word_1_553' title='bbox 1190 2340 1314 2387; x_wconf 86' lang='lat' dir='ltr'>quibus</span> <span class='ocrx_word' id='word_1_554' title='bbox 1327 2339 1439 2387; x_wconf 88' lang='lat' dir='ltr'>primo</span> <span class='ocrx_word' id='word_1_555' title='bbox 1453 2337 1591 2387; x_wconf 58' lang='lat' dir='ltr'>asped&#39;tu</span> <span class='ocrx_word' id='word_1_556' title='bbox 1602 2340 1779 2376; x_wconf 89' lang='lat' dir='ltr'>videretur</span> <span class='ocrx_word' id='word_1_557' title='bbox 1792 2339 1885 2376; x_wconf 72' lang='lat' dir='ltr'>affio</span> <span class='ocrx_word' id='word_1_558' title='bbox 1902 2341 1939 2376; x_wconf 91' lang='lat' dir='ltr'>in</span> <span class='ocrx_word' id='word_1_559' title='bbox 1949 2342 1998 2378; x_wconf 93' lang='lat' dir='ltr'>di-</span> 
     </span>
     <span class='ocr_line' id='line_1_45' title="bbox 283 2389 603 2427; baseline -0.006 0"><span class='ocrx_word' id='word_1_560' title='bbox 283 2390 372 2427; x_wconf 85' lang='lat' dir='ltr'>stans</span> <span class='ocrx_word' id='word_1_561' title='bbox 394 2389 603 2426; x_wconf 74' lang='lat' dir='ltr'>confirmari.</span> 
     </span>
    </p>

    <p class='ocr_par' dir='ltr' id='par_1_9' title="bbox 279 2431 1994 2535">
     <span class='ocr_line' id='line_1_46' title="bbox 379 2431 1994 2483; baseline -0.001 -8"><span class='ocrx_word' id='word_1_562' title='bbox 379 2439 574 2475; x_wconf 86' lang='lat' dir='ltr'>Deducitur</span> <span class='ocrx_word' id='word_1_563' title='bbox 584 2432 749 2475; x_wconf 76' lang='lat' dir='ltr'>secundo.</span> <span class='ocrx_word' id='word_1_564' title='bbox 799 2431 1144 2473; x_wconf 87' lang='lat' dir='ltr'>Medicamentorum</span> <span class='ocrx_word' id='word_1_565' title='bbox 1154 2436 1254 2475; x_wconf 84' lang='lat' dir='ltr'>vires,</span> <span class='ocrx_word' id='word_1_566' title='bbox 1264 2437 1329 2482; x_wconf 62' lang='lat' dir='ltr'>quzi</span> <span class='ocrx_word' id='word_1_567' title='bbox 1338 2435 1529 2472; x_wconf 87' lang='lat' dir='ltr'>irritatione</span> <span class='ocrx_word' id='word_1_568' title='bbox 1536 2446 1662 2483; x_wconf 85' lang='lat' dir='ltr'>corpus</span> <span class='ocrx_word' id='word_1_569' title='bbox 1680 2433 1871 2473; x_wconf 87' lang='lat' dir='ltr'>sensitivum</span> <span class='ocrx_word' id='word_1_570' title='bbox 1889 2436 1994 2474; x_wconf 87' lang='lat' dir='ltr'>affici-</span> 
     </span>
     <span class='ocr_line' id='line_1_47' title="bbox 279 2483 1994 2535; baseline -0.002 -10"><span class='ocrx_word' id='word_1_571' title='bbox 279 2496 346 2525; x_wconf 90' lang='lat' dir='ltr'>unt</span> <span class='ocrx_word' id='word_1_572' title='bbox 353 2499 414 2535; x_wconf 89' lang='lat' dir='ltr'>per</span> <span class='ocrx_word' id='word_1_573' title='bbox 423 2488 550 2522; x_wconf 82' lang='lat' dir='ltr'>idonea</span> <span class='ocrx_word' id='word_1_574' title='bbox 557 2485 800 2534; x_wconf 86' lang='lat' dir='ltr'>particularum</span> <span class='ocrx_word' id='word_1_575' title='bbox 810 2485 846 2522; x_wconf 73' lang='grc' dir='ltr'>ὅ(</span> <span class='ocrx_word' id='word_1_576' title='bbox 856 2485 1061 2533; x_wconf 84' lang='lat' dir='ltr'>qualitatum</span> <span class='ocrx_word' id='word_1_577' title='bbox 1070 2483 1295 2524; x_wconf 80' lang='lat' dir='ltr'>effiuvia‚satis</span> <span class='ocrx_word' id='word_1_578' title='bbox 1305 2483 1462 2531; x_wconf 79' lang='lat' dir='ltr'>explicari</span> <span class='ocrx_word' id='word_1_579' title='bbox 1475 2506 1486 2524; x_wconf 90' lang='lat'>‚</span> <span class='ocrx_word' id='word_1_580' title='bbox 1505 2483 1691 2519; x_wconf 67' lang='lat' dir='ltr'>aethmun</span> <span class='ocrx_word' id='word_1_581' title='bbox 1704 2484 1798 2520; x_wconf 86' lang='lat' dir='ltr'>enirn</span> <span class='ocrx_word' id='word_1_582' title='bbox 1817 2487 1994 2532; x_wconf 84' lang='lat' dir='ltr'>particulae</span> 
     </span>
    </p>

    <p class='ocr_par' dir='ltr' id='par_1_10' title="bbox 258 2532 1992 2625">
     <span class='ocr_line' id='line_1_48' title="bbox 258 2532 1992 2583; baseline -0.001 -11"><span class='ocrx_word' id='word_1_583' title='bbox 258 2556 263 2562; x_wconf 78' lang='lat'><em>.</em></span> <span class='ocrx_word' id='word_1_584' title='bbox 279 2535 526 2572; x_wconf 82' lang='lat' dir='ltr'>medicamenti</span> <span class='ocrx_word' id='word_1_585' title='bbox 535 2545 616 2570; x_wconf 86' lang='lat' dir='ltr'>cum</span> <span class='ocrx_word' id='word_1_586' title='bbox 625 2533 796 2582; x_wconf 87' lang='lat' dir='ltr'>particulis</span> <span class='ocrx_word' id='word_1_587' title='bbox 806 2533 895 2570; x_wconf 86' lang='lat' dir='ltr'>illius</span> <span class='ocrx_word' id='word_1_588' title='bbox 904 2534 1059 2583; x_wconf 88' lang='lat' dir='ltr'>corporis</span> <span class='ocrx_word' id='word_1_589' title='bbox 1069 2556 1080 2574; x_wconf 82' lang='lat'><strong>‚</strong></span> <span class='ocrx_word' id='word_1_590' title='bbox 1096 2533 1179 2568; x_wconf 90' lang='lat' dir='ltr'>inde</span> <span class='ocrx_word' id='word_1_591' title='bbox 1194 2542 1312 2567; x_wconf 88' lang='lat' dir='ltr'>motus</span> <span class='ocrx_word' id='word_1_592' title='bbox 1328 2532 1446 2568; x_wconf 80' lang='lat' dir='ltr'>diversi</span> <span class='ocrx_word' id='word_1_593' title='bbox 1462 2533 1736 2568; x_wconf 86' lang='lat' dir='ltr'>determinantur</span> <span class='ocrx_word' id='word_1_594' title='bbox 1743 2555 1754 2574; x_wconf 83' lang='lat'>‚</span> <span class='ocrx_word' id='word_1_595' title='bbox 1769 2532 1992 2570; x_wconf 87' lang='lat' dir='ltr'>effervescen-</span> 
     </span>
     <span class='ocr_line' id='line_1_49' title="bbox 282 2582 724 2625; baseline -0.002 -4"><span class='ocrx_word' id='word_1_596' title='bbox 282 2585 347 2625; x_wconf 70' lang='lat' dir='ltr'>dae,</span> <span class='ocrx_word' id='word_1_597' title='bbox 358 2584 644 2620; x_wconf 67' lang='lat' dir='ltr'>fermentationes</span> <span class='ocrx_word' id='word_1_598' title='bbox 657 2582 724 2620; x_wconf 59' lang='lat' dir='ltr'>&amp;a</span> 
     </span>
    </p>

    <p class='ocr_par' dir='ltr' id='par_1_11' title="bbox 279 2627 1991 2922">
     <span class='ocr_line' id='line_1_50' title="bbox 378 2627 1991 2677; baseline -0.003 -9"><span class='ocrx_word' id='word_1_599' title='bbox 378 2634 480 2668; x_wconf 85' lang='lat' dir='ltr'>Dedu</span> <span class='ocrx_word' id='word_1_600' title='bbox 487 2633 573 2667; x_wconf 89' lang='lat' dir='ltr'>citur</span> <span class='ocrx_word' id='word_1_601' title='bbox 581 2629 1128 2667; x_wconf 80' lang='lat' dir='ltr'>tertio.SoloMedicamentorum</span> <span class='ocrx_word' id='word_1_602' title='bbox 1136 2629 1248 2664; x_wconf 88' lang='lat' dir='ltr'>odore</span> <span class='ocrx_word' id='word_1_603' title='bbox 1255 2629 1308 2667; x_wconf 76' lang='lat' dir='ltr'>vel</span> <span class='ocrx_word' id='word_1_604' title='bbox 1317 2628 1409 2664; x_wconf 58' lang='lat' dir='ltr'>tasin</span> <span class='ocrx_word' id='word_1_605' title='bbox 1418 2640 1565 2676; x_wconf 90' lang='lat' dir='ltr'>corpora</span> <span class='ocrx_word' id='word_1_606' title='bbox 1574 2630 1785 2677; x_wconf 83' lang='lat' dir='ltr'>quandoque</span> <span class='ocrx_word' id='word_1_607' title='bbox 1792 2627 1881 2664; x_wconf 87' lang='lat' dir='ltr'>affici</span> <span class='ocrx_word' id='word_1_608' title='bbox 1889 2629 1991 2664; x_wconf 83' lang='lat' dir='ltr'>noxia</span> 
     </span>
     <span class='ocr_line' id='line_1_51' title="bbox 280 2677 1989 2729; baseline -0.003 -13"><span class='ocrx_word' id='word_1_609' title='bbox 280 2681 334 2717; x_wconf 83' lang='lat' dir='ltr'>vel</span> <span class='ocrx_word' id='word_1_610' title='bbox 346 2680 501 2729; x_wconf 80' lang='lat' dir='ltr'>proficua</span> <span class='ocrx_word' id='word_1_611' title='bbox 509 2680 753 2715; x_wconf 83' lang='lat' dir='ltr'>immutatione</span> <span class='ocrx_word' id='word_1_612' title='bbox 761 2692 773 2724; x_wconf 79' lang='lat'><em>3</em></span> <span class='ocrx_word' id='word_1_613' title='bbox 797 2689 925 2726; x_wconf 89' lang='lat' dir='ltr'>nempe</span> <span class='ocrx_word' id='word_1_614' title='bbox 933 2677 1062 2714; x_wconf 83' lang='lat' dir='ltr'>effluvii</span> <span class='ocrx_word' id='word_1_615' title='bbox 1072 2677 1208 2713; x_wconf 90' lang='lat' dir='ltr'>odorati</span> <span class='ocrx_word' id='word_1_616' title='bbox 1224 2677 1395 2722; x_wconf 70' lang='lat' dir='ltr'>particulae</span> <span class='ocrx_word' id='word_1_617' title='bbox 1404 2678 1439 2712; x_wconf 89' lang='lat' dir='ltr'>in</span> <span class='ocrx_word' id='word_1_618' title='bbox 1448 2688 1572 2712; x_wconf 87' lang='lat' dir='ltr'>nervos</span> <span class='ocrx_word' id='word_1_619' title='bbox 1583 2679 1781 2718; x_wconf 74' lang='lat' dir='ltr'>incurrunt,</span> <span class='ocrx_word' id='word_1_620' title='bbox 1796 2678 1832 2713; x_wconf 73' lang='lat' dir='ltr'>&lt;Sc</span> <span class='ocrx_word' id='word_1_621' title='bbox 1841 2689 1909 2724; x_wconf 89' lang='lat' dir='ltr'>ope</span> <span class='ocrx_word' id='word_1_622' title='bbox 1916 2678 1989 2725; x_wconf 88' lang='lat' dir='ltr'>Spi-</span> 
     </span>
     <span class='ocr_line' id='line_1_52' title="bbox 279 2723 1989 2775; baseline -0.004 -11"><span class='ocrx_word' id='word_1_623' title='bbox 279 2730 408 2764; x_wconf 86' lang='lat' dir='ltr'>rituum</span> <span class='ocrx_word' id='word_1_624' title='bbox 419 2737 536 2764; x_wconf 83' lang='lat' dir='ltr'>motus</span> <span class='ocrx_word' id='word_1_625' title='bbox 545 2728 619 2763; x_wconf 91' lang='lat' dir='ltr'>illos</span> <span class='ocrx_word' id='word_1_626' title='bbox 630 2728 879 2768; x_wconf 79' lang='lat' dir='ltr'>determinant,</span> <span class='ocrx_word' id='word_1_627' title='bbox 887 2736 975 2775; x_wconf 89' lang='lat' dir='ltr'>quos</span> <span class='ocrx_word' id='word_1_628' title='bbox 983 2727 1192 2763; x_wconf 87' lang='lat' dir='ltr'>inducerent</span> <span class='ocrx_word' id='word_1_629' title='bbox 1200 2723 1460 2761; x_wconf 85' lang='lat' dir='ltr'>Medicamenta</span> <span class='ocrx_word' id='word_1_630' title='bbox 1467 2726 1541 2771; x_wconf 78' lang='lat' dir='ltr'>ipsa,</span> <span class='ocrx_word' id='word_1_631' title='bbox 1547 2724 1565 2759; x_wconf 81' lang='lat' dir='ltr'>si</span> <span class='ocrx_word' id='word_1_632' title='bbox 1574 2725 1627 2760; x_wconf 88' lang='lat' dir='ltr'>vel</span> <span class='ocrx_word' id='word_1_633' title='bbox 1636 2725 1800 2772; x_wconf 81' lang='lat' dir='ltr'>applicata</span> <span class='ocrx_word' id='word_1_634' title='bbox 1806 2724 1859 2761; x_wconf 85' lang='lat' dir='ltr'>vel</span> <span class='ocrx_word' id='word_1_635' title='bbox 1868 2723 1989 2760; x_wconf 72' lang='lat' dir='ltr'>assum.</span> 
     </span>
     <span class='ocr_line' id='line_1_53' title="bbox 280 2771 1990 2825; baseline -0.002 -12"><span class='ocrx_word' id='word_1_636' title='bbox 280 2787 339 2825; x_wconf 87' lang='lat' dir='ltr'>pta</span> <span class='ocrx_word' id='word_1_637' title='bbox 348 2790 420 2813; x_wconf 88' lang='lat' dir='ltr'>non</span> <span class='ocrx_word' id='word_1_638' title='bbox 429 2778 539 2812; x_wconf 77' lang='lat' dir='ltr'>mocio</span> <span class='ocrx_word' id='word_1_639' title='bbox 552 2776 675 2812; x_wconf 49' lang='lat' dir='ltr'>olias&amp;</span> <span class='ocrx_word' id='word_1_640' title='bbox 690 2775 827 2811; x_wconf 76' lang='lat' dir='ltr'>suiffent</span> <span class='ocrx_word' id='word_1_641' title='bbox 842 2789 854 2822; x_wconf 82' lang='lat'><em>3</em></span> <span class='ocrx_word' id='word_1_642' title='bbox 878 2775 1034 2823; x_wconf 88' lang='lat' dir='ltr'>quamvis</span> <span class='ocrx_word' id='word_1_643' title='bbox 1043 2775 1137 2809; x_wconf 89' lang='lat' dir='ltr'>enim</span> <span class='ocrx_word' id='word_1_644' title='bbox 1152 2774 1294 2809; x_wconf 84' lang='lat' dir='ltr'>minima</span> <span class='ocrx_word' id='word_1_645' title='bbox 1309 2774 1386 2814; x_wconf 72' lang='lat' dir='ltr'>Hm,</span> <span class='ocrx_word' id='word_1_646' title='bbox 1411 2773 1446 2810; x_wconf 72' lang='grc' dir='ltr'>ὅ(</span> <span class='ocrx_word' id='word_1_647' title='bbox 1460 2771 1666 2808; x_wconf 73' lang='lat' dir='ltr'>subtilissima</span> <span class='ocrx_word' id='word_1_648' title='bbox 1675 2774 1783 2809; x_wconf 85' lang='lat' dir='ltr'>odora</span> <span class='ocrx_word' id='word_1_649' title='bbox 1791 2772 1990 2821; x_wconf 88' lang='lat' dir='ltr'>corpuscula</span> 
     </span>
     <span class='ocr_line' id='line_1_54' title="bbox 281 2820 1990 2870; baseline -0.002 -10"><span class='ocrx_word' id='word_1_650' title='bbox 281 2824 469 2866; x_wconf 82' lang='lat' dir='ltr'>effluentia,</span> <span class='ocrx_word' id='word_1_651' title='bbox 479 2825 561 2861; x_wconf 78' lang='lat' dir='ltr'>cum</span> <span class='ocrx_word' id='word_1_652' title='bbox 572 2824 832 2860; x_wconf 87' lang='lat' dir='ltr'>innumerabilia</span> <span class='ocrx_word' id='word_1_653' title='bbox 840 2832 957 2860; x_wconf 88' lang='lat' dir='ltr'>tamen</span> <span class='ocrx_word' id='word_1_654' title='bbox 967 2823 1039 2863; x_wconf 66' lang='lat' dir='ltr'>sint,</span> <span class='ocrx_word' id='word_1_655' title='bbox 1048 2822 1191 2869; x_wconf 62' lang='lat' dir='ltr'>effed‘tus</span> <span class='ocrx_word' id='word_1_656' title='bbox 1201 2822 1364 2858; x_wconf 81' lang='lat' dir='ltr'>senfibiles</span> <span class='ocrx_word' id='word_1_657' title='bbox 1381 2822 1501 2858; x_wconf 54' lang='lat' dir='ltr'>eadem</span> <span class='ocrx_word' id='word_1_658' title='bbox 1509 2822 1644 2857; x_wconf 85' lang='lat' dir='ltr'>ratione</span> <span class='ocrx_word' id='word_1_659' title='bbox 1652 2832 1834 2870; x_wconf 88' lang='lat' dir='ltr'>procurare</span> <span class='ocrx_word' id='word_1_660' title='bbox 1842 2820 1990 2869; x_wconf 81' lang='lat' dir='ltr'>possunt,</span> 
     </span>
     <span class='ocr_line' id='line_1_55' title="bbox 282 2870 1546 2922; baseline -0.003 -13"><span class='ocrx_word' id='word_1_661' title='bbox 282 2885 352 2922; x_wconf 83' lang='lat' dir='ltr'>qua</span> <span class='ocrx_word' id='word_1_662' title='bbox 360 2874 476 2910; x_wconf 85' lang='lat' dir='ltr'>valent</span> <span class='ocrx_word' id='word_1_663' title='bbox 488 2870 712 2908; x_wconf 78' lang='lat' dir='ltr'>minutissima</span> <span class='ocrx_word' id='word_1_664' title='bbox 726 2873 863 2908; x_wconf 88' lang='lat' dir='ltr'>elateria</span> <span class='ocrx_word' id='word_1_665' title='bbox 871 2873 1019 2921; x_wconf 88' lang='lat' dir='ltr'>pulveris</span> <span class='ocrx_word' id='word_1_666' title='bbox 1028 2872 1108 2907; x_wconf 91' lang='lat' dir='ltr'>nitri</span> <span class='ocrx_word' id='word_1_667' title='bbox 1115 2894 1125 2911; x_wconf 76' lang='lat'>,</span> <span class='ocrx_word' id='word_1_668' title='bbox 1134 2871 1170 2907; x_wconf 73' lang='grc' dir='ltr'>ὅ(</span> <span class='ocrx_word' id='word_1_669' title='bbox 1180 2871 1335 2906; x_wconf 87' lang='lat' dir='ltr'>similium</span> <span class='ocrx_word' id='word_1_670' title='bbox 1347 2872 1546 2906; x_wconf 85' lang='lat' dir='ltr'>mixtorum.</span> 
     </span>
    </p>

    <p class='ocr_par' dir='ltr' id='par_1_12' title="bbox 277 2915 2024 3163">
     <span class='ocr_line' id='line_1_56' title="bbox 378 2915 1988 2969; baseline -0.003 -11"><span class='ocrx_word' id='word_1_671' title='bbox 378 2923 573 2958; x_wconf 86' lang='lat' dir='ltr'>Deducitur</span> <span class='ocrx_word' id='word_1_672' title='bbox 580 2923 726 2969; x_wconf 87' lang='lat' dir='ltr'>Qarto.</span> <span class='ocrx_word' id='word_1_673' title='bbox 735 2923 831 2969; x_wconf 82' lang='lat' dir='ltr'>Qas</span> <span class='ocrx_word' id='word_1_674' title='bbox 841 2922 877 2956; x_wconf 90' lang='lat' dir='ltr'>in</span> <span class='ocrx_word' id='word_1_675' title='bbox 887 2921 1046 2969; x_wconf 82' lang='lat' dir='ltr'>gemmis,</span> <span class='ocrx_word' id='word_1_676' title='bbox 1054 2920 1090 2956; x_wconf 73' lang='grc' dir='ltr'>ὅ(</span> <span class='ocrx_word' id='word_1_677' title='bbox 1098 2915 1264 2955; x_wconf 75' lang='lat' dir='ltr'>fossilibus</span> <span class='ocrx_word' id='word_1_678' title='bbox 1273 2919 1375 2954; x_wconf 79' lang='lat' dir='ltr'>inesse</span> <span class='ocrx_word' id='word_1_679' title='bbox 1383 2918 1515 2955; x_wconf 86' lang='lat' dir='ltr'>constat</span> <span class='ocrx_word' id='word_1_680' title='bbox 1523 2917 1700 2966; x_wconf 79' lang='lat' dir='ltr'>qualitates</span> <span class='ocrx_word' id='word_1_681' title='bbox 1712 2915 1865 2952; x_wconf 88' lang='lat' dir='ltr'>occultas</span> <span class='ocrx_word' id='word_1_682' title='bbox 1874 2916 1911 2952; x_wconf 73' lang='grc' dir='ltr'>ὃ(</span> <span class='ocrx_word' id='word_1_683' title='bbox 1918 2916 1988 2965; x_wconf 88' lang='lat' dir='ltr'>spe-</span> 
     </span>
     <span class='ocr_line' id='line_1_57' title="bbox 280 2965 1987 3019; baseline -0.003 -13"><span class='ocrx_word' id='word_1_684' title='bbox 280 2969 395 3006; x_wconf 80' lang='lat' dir='ltr'>cificas</span> <span class='ocrx_word' id='word_1_685' title='bbox 403 2993 412 3010; x_wconf 54' lang='lat'>³</span> <span class='ocrx_word' id='word_1_686' title='bbox 423 2983 481 3018; x_wconf 87' lang='lat' dir='ltr'>per</span> <span class='ocrx_word' id='word_1_687' title='bbox 489 2970 692 3019; x_wconf 81' lang='lat' dir='ltr'>Analogiam</span> <span class='ocrx_word' id='word_1_688' title='bbox 703 2970 873 3019; x_wconf 86' lang='lat' dir='ltr'>magnetis</span> <span class='ocrx_word' id='word_1_689' title='bbox 889 2969 925 3005; x_wconf 73' lang='grc' dir='ltr'>ὃς</span> <span class='ocrx_word' id='word_1_690' title='bbox 942 2968 1057 3004; x_wconf 66' lang='grc' dir='ltr'>61εᾶῑί</span> <span class='ocrx_word' id='word_1_691' title='bbox 1073 2969 1109 3003; x_wconf 91' lang='lat' dir='ltr'>in</span> <span class='ocrx_word' id='word_1_692' title='bbox 1126 2966 1273 3004; x_wconf 84' lang='lat' dir='ltr'>effluviis</span> <span class='ocrx_word' id='word_1_693' title='bbox 1283 2967 1463 3003; x_wconf 81' lang='lat' dir='ltr'>confistere</span> <span class='ocrx_word' id='word_1_694' title='bbox 1473 2967 1547 3002; x_wconf 87' lang='lat' dir='ltr'>satis</span> <span class='ocrx_word' id='word_1_695' title='bbox 1563 2965 1752 3002; x_wconf 80' lang='lat' dir='ltr'>commode</span> <span class='ocrx_word' id='word_1_696' title='bbox 1762 2966 1969 3012; x_wconf 89' lang='lat' dir='ltr'>proponitur</span> <span class='ocrx_word' id='word_1_697' title='bbox 1975 2978 1987 3011; x_wconf 89' lang='lat'>;</span> 
     </span>
     <span class='ocr_line' id='line_1_58' title="bbox 277 3012 2024 3066; baseline -0.002 -13"><span class='ocrx_word' id='word_1_698' title='bbox 277 3030 347 3053; x_wconf 90' lang='lat' dir='ltr'>nec</span> <span class='ocrx_word' id='word_1_699' title='bbox 356 3019 459 3053; x_wconf 76' lang='lat' dir='ltr'>refert</span> <span class='ocrx_word' id='word_1_700' title='bbox 467 3030 647 3066; x_wconf 88' lang='lat' dir='ltr'>opponere</span> <span class='ocrx_word' id='word_1_701' title='bbox 654 3019 847 3065; x_wconf 89' lang='lat' dir='ltr'>periculum</span> <span class='ocrx_word' id='word_1_702' title='bbox 856 3017 1108 3054; x_wconf 89' lang='lat' dir='ltr'>Diminutionis</span> <span class='ocrx_word' id='word_1_703' title='bbox 1116 3027 1333 3065; x_wconf 84' lang='lat' dir='ltr'>gemmarum</span> <span class='ocrx_word' id='word_1_704' title='bbox 1342 3016 1378 3052; x_wconf 69' lang='lat' dir='ltr'>&lt;St</span> <span class='ocrx_word' id='word_1_705' title='bbox 1387 3016 1542 3051; x_wconf 80' lang='lat' dir='ltr'>fimilium</span> <span class='ocrx_word' id='word_1_706' title='bbox 1553 3016 1597 3049; x_wconf 91' lang='lat' dir='ltr'>ob</span> <span class='ocrx_word' id='word_1_707' title='bbox 1606 3014 1772 3049; x_wconf 83' lang='lat' dir='ltr'>continua</span> <span class='ocrx_word' id='word_1_708' title='bbox 1781 3012 1931 3054; x_wconf 80' lang='lat' dir='ltr'>esfluvia‚</span> <span class='ocrx_word' id='word_1_709' title='bbox 1939 3015 1987 3049; x_wconf 86' lang='lat' dir='ltr'>fa·</span> <span class='ocrx_word' id='word_1_710' title='bbox 2018 3052 2024 3057; x_wconf 52' lang='grc'><strong>,</strong></span> 
     </span>
     <span class='ocr_line' id='line_1_59' title="bbox 278 3058 1984 3115; baseline -0.003 -14"><span class='ocrx_word' id='word_1_711' title='bbox 278 3065 343 3102; x_wconf 78' lang='lat' dir='ltr'>cile</span> <span class='ocrx_word' id='word_1_712' title='bbox 352 3066 445 3101; x_wconf 87' lang='lat' dir='ltr'>enim</span> <span class='ocrx_word' id='word_1_713' title='bbox 454 3067 652 3115; x_wconf 82' lang='lat' dir='ltr'>intelligitur</span> <span class='ocrx_word' id='word_1_714' title='bbox 660 3066 883 3102; x_wconf 80' lang='lat' dir='ltr'>insensibilem</span> <span class='ocrx_word' id='word_1_715' title='bbox 890 3063 1094 3112; x_wconf 88' lang='lat' dir='ltr'>hujusmodi</span> <span class='ocrx_word' id='word_1_716' title='bbox 1102 3066 1255 3100; x_wconf 82' lang='lat' dir='ltr'>futuram</span> <span class='ocrx_word' id='word_1_717' title='bbox 1264 3065 1533 3102; x_wconf 86' lang='lat' dir='ltr'>diminutionem</span> <span class='ocrx_word' id='word_1_718' title='bbox 1541 3064 1643 3098; x_wconf 87' lang='lat' dir='ltr'>etiam</span> <span class='ocrx_word' id='word_1_719' title='bbox 1652 3058 1840 3097; x_wconf 83' lang='lat' dir='ltr'>diutissimo</span> <span class='ocrx_word' id='word_1_720' title='bbox 1849 3071 1984 3110; x_wconf 83' lang='lat' dir='ltr'>tempo·</span> 
     </span>
     <span class='ocr_line' id='line_1_60' title="bbox 283 3109 1985 3163; baseline -0.003 -13"><span class='ocrx_word' id='word_1_721' title='bbox 283 3126 322 3150; x_wconf 82' lang='lat' dir='ltr'>re</span> <span class='ocrx_word' id='word_1_722' title='bbox 330 3141 338 3149; x_wconf 89' lang='lat'><strong>.</strong></span> <span class='ocrx_word' id='word_1_723' title='bbox 355 3124 393 3150; x_wconf 92' lang='lat' dir='ltr'>ut</span> <span class='ocrx_word' id='word_1_724' title='bbox 404 3116 519 3161; x_wconf 80' lang='lat' dir='ltr'>aperte</span> <span class='ocrx_word' id='word_1_725' title='bbox 527 3115 797 3163; x_wconf 89' lang='lat' dir='ltr'>deprehenditur</span> <span class='ocrx_word' id='word_1_726' title='bbox 806 3115 840 3149; x_wconf 93' lang='lat' dir='ltr'>in</span> <span class='ocrx_word' id='word_1_727' title='bbox 855 3114 1079 3151; x_wconf 87' lang='lat' dir='ltr'>Chirothecis</span> <span class='ocrx_word' id='word_1_728' title='bbox 1088 3113 1258 3152; x_wconf 80' lang='lat' dir='ltr'>odoratis,</span> <span class='ocrx_word' id='word_1_729' title='bbox 1271 3113 1434 3160; x_wconf 66' lang='lat' dir='ltr'>quaelicet</span> <span class='ocrx_word' id='word_1_730' title='bbox 1446 3112 1572 3148; x_wconf 87' lang='lat' dir='ltr'>diutius</span> <span class='ocrx_word' id='word_1_731' title='bbox 1582 3109 1817 3145; x_wconf 84' lang='lat' dir='ltr'>exhalaverint</span> <span class='ocrx_word' id='word_1_732' title='bbox 1825 3111 1985 3150; x_wconf 78' lang='lat' dir='ltr'>odorem,</span> 
     </span>
    </p>
   </div>
   <div class='ocr_carea' id='block_1_3' title="bbox 285 3156 1986 3253">
    <p class='ocr_par' dir='ltr' id='par_1_13' title="bbox 285 3156 1986 3253">
     <span class='ocr_line' id='line_1_61' title="bbox 285 3156 1986 3240; baseline -0.004 -40"><span class='ocrx_word' id='word_1_733' title='bbox 285 3174 353 3200; x_wconf 87' lang='lat' dir='ltr'>nec</span> <span class='ocrx_word' id='word_1_734' title='bbox 369 3163 527 3211; x_wconf 84' lang='lat' dir='ltr'>pondere</span> <span class='ocrx_word' id='word_1_735' title='bbox 537 3172 665 3205; x_wconf 82' lang='lat' dir='ltr'>tamen,</span> <span class='ocrx_word' id='word_1_736' title='bbox 673 3174 739 3207; x_wconf 77' lang='lat' dir='ltr'>nec</span> <span class='ocrx_word' id='word_1_737' title='bbox 752 3163 847 3201; x_wconf 87' lang='lat' dir='ltr'>mole</span> <span class='ocrx_word' id='word_1_738' title='bbox 854 3161 1046 3201; x_wconf 85' lang='lat' dir='ltr'>sensibiliter</span> <span class='ocrx_word' id='word_1_739' title='bbox 1056 3162 1270 3198; x_wconf 80' lang='lat' dir='ltr'>decrescunt.</span> <span class='ocrx_word' id='word_1_740' title='bbox 1296 3162 1518 3210; x_wconf 82' lang='lat' dir='ltr'>Qamquam</span> <span class='ocrx_word' id='word_1_741' title='bbox 1526 3156 1683 3207; x_wconf 75' lang='lat' dir='ltr'>processu</span> <span class='ocrx_word' id='word_1_742' title='bbox 1692 3158 1859 3205; x_wconf 82' lang='lat' dir='ltr'>temporis</span> <span class='ocrx_word' id='word_1_743' title='bbox 1867 3159 1986 3240; x_wconf 47' lang='lat' dir='ltr'>{mnia</span> 
     </span>
     <span class='ocr_line' id='line_1_62' title="bbox 1898 3217 1986 3253; baseline 0 -12"><span class='ocrx_word' id='word_1_744' title='bbox 1898 3217 1986 3253; x_wconf 75' lang='lat' dir='ltr'>ujus-</span> 
     </span>
    </p>
   </div>
  </div>
 </body>
</html>
