2087 3610
156 461 258 493 Cicero
262 469 314 506 pro

156 508 315 544 Alarcello.

156 624 222 661 Sen.
230 635 315 671 ep.37.

319 242 419 309 164
962 252 964 257 '
989 238 1353 312 Meteorologia

319 329 484 369 potamus
494 318 557 359 est,
571 318 720 355 vindmia
730 317 893 366 cephalus
901 318 948 353 est
963 332 975 364 3
991 319 1095 354 animi
1105 319 1272 367 procellas
1282 319 1448 360 excitant,
1458 320 1632 369 naufragia
1641 320 1827 356 minantur.
1876 320 1964 357 Haec
1978 322 2036 369 qui

320 365 516 417 passionum
525 367 675 402 monstra
686 370 805 401 domat
816 366 948 401 hostem
961 368 1065 403 vincit
1075 367 1277 402 maximum.
1293 369 1396 403 Adeo
1403 380 1526 404 verum
1540 369 1626 404 dixit
1640 367 1899 404 facundiffimus
1910 370 2035 405 Rorna-

323 428 451 452 norum
465 429 474 451 ι
488 419 640 450 Animum
647 421 782 454 vincere,
799 416 989 448 iracundiam
1003 414 1335 460 cohiberefoxtzffimz‘tst.
1384 419 1454 450 Haec
1460 423 1515 463 qui
1514 419 1609 460 facit,
1624 432 1681 451 non
1690 418 1774 451 modo
1782 431 1850 452 eum
1865 430 1910 465 ego
1910 421 2035 462 summis

323 471 398 500 viris
411 477 559 511 comparo,
567 464 806 508 Jedstmt'llt‘mttm
816 466 878 496 Deo
882 463 997 511 judico,
1025 462 1270 499 Praestantlffim
1276 475 1314 498 us
1322 477 1344 499 V
1347 465 1430 499 ideri
1441 464 1548 512 posset
1557 465 1710 501 Sesostris
1721 466 1824 514 Regis
1832 466 1970 514 AEgypti
1978 467 2035 500 tri·

326 514 478 561 umpbus
492 535 502 552 ,
517 514 574 560 qui
585 513 696 560 Reges
711 521 860 558 quatuor
873 513 891 546 a
901 511 932 547 se
946 512 1100 548 subattos
1109 511 1354 559 jumentorum
1369 513 1405 547 in
1419 524 1554 548 rnorem
1570 525 1709 549 currum
1726 514 1823 549 suum
1838 514 2037 562 protrahere

323 562 464 610 coegit:
485 564 532 596 At
551 561 618 607 ipse
633 557 826 607 passionum
841 560 1051 608 mancipium
1066 584 1076 600 ,
1091 561 1146 595 fibi
1161 560 1217 608 ipsi
1235 561 1407 596 dominari
1427 561 1607 597 nesciebat.
1657 566 1737 596 Eum
1751 563 1874 596 demum
1894 567 2038 609 optimum
2072 581 2087 594 «ι

326 612 363 647 &²
378 609 465 644 laude
478 609 671 657 dtgm'fflmum
684 608 833 647 dt'xert’m,
846 613 901 654 qni
909 614 1031 655 propriis
1043 608 1190 656 affieflibus
1204 614 1371 656 Imperarct.
1436 610 1531 645 Stare
1546 611 1581 645 in
1597 609 1728 658 fastigio
1743 610 1780 646 ὃ(
1796 611 1816 646 ὲ
1835 610 1977 658 vestigio
1986 609 2037 657 ja.
2072 626 2087 649 32

323 670 404 695 cere
419 659 476 693 sub
491 658 576 693 vitio
592 671 601 691 ε
617 656 777 691 sederein
794 657 924 691 throno
941 680 951 698 ,
965 656 1001 693 ὅ(
1023 657 1172 694 volutari
1186 657 1221 692 in
1237 668 1344 692 coeno
1355 680 1366 697 ,
1381 668 1454 692 non
1469 658 1541 693 hoc
1555 659 1717 699 tortium,
1735 671 1809 694 non
1823 658 2039 694 summorum
2072 689 2073 693 ,

322 708 380 745 est,
430 707 549 752 Turpe
563 705 610 740 est
618 704 762 740 Herculi
773 704 900 750 Hydrae
909 716 1012 753 caput
1020 706 1213 747 demetere,
1222 705 1629 751 &vinciaffe&u;virum
1640 718 1766 742 exuere
1775 707 1929 742 foeminae
1942 718 2038 742 amo·
2072 702 2074 741 ξ

321 755 421 795 re,&
432 754 597 789 sederead
606 753 742 792 colum,
757 754 937 800 penderea
952 754 1044 789 collo
1056 778 1066 794 ,
1082 754 1141 802 qui
1155 754 1299 802 ρεᾶοῐε
1313 755 1464 789 immoto
1481 756 1515 789 in
1533 755 1602 790 finu
1614 753 1724 802 jacuit
1737 754 1902 794 vie'toriae.
1950 755 2039 790 Illud

320 802 479 852 profeeto
491 802 688 850 primarium
700 813 740 836 ac
751 804 882 836 lumme
896 803 1030 851 regium
1041 802 1105 843 est,
1121 802 1270 850 suiipfius
1280 803 1414 851 Regem
1431 801 1750 851 effe,me1]temque
1759 803 1954 848 domesticae
1968 802 2038 838 bel·
2073 803 2087 847 {l

322 853 387 887 luae
401 850 489 898 quali
510 850 780 884 moderatricem
796 849 988 897 praeficere:
1004 862 1120 899 neque
1136 850 1369 886 cuminfinitis
1384 853 1645 899 propemodum
1655 852 1856 888 horninibus
1870 851 2040 888 dominari
2072 850 2087 940 li

322 900 425 938 velis,
443 898 549 946 ipsum
559 895 789 945 turpiffimum
805 899 975 940 dominis,
995 899 1116 934 servire
1130 899 1317 947 voluptati,
1335 899 1468 939 dolori,
1484 900 1519 935 ὅ(
1535 911 1752 948 quaecunque
1768 901 1822 935 his
1836 899 1956 936 affines
1971 899 2040 935 bel·
2072 922 2073 931 η

321 948 386 983 luae
401 971 411 987 ,
431 947 571 981 suumin
582 947 719 981 animali
737 947 954 983 domicilium
969 949 1109 986 habent.
1161 949 1278 983 Aurea
1292 947 1964 995 haecSynefiiverbalhntPoliticianimo
1975 948 2037 984 im·
2073 941 2087 1004 ll

319 997 499 1044 ptimenda
510 1018 519 1034 ,
539 1006 622 1030 utne
634 993 792 1030 fluetibus
809 994 1000 1043 pastionum
1013 998 1175 1046 abreptus
1184 996 1259 1044 ipsae
1269 996 1429 1045 praedafit
1438 996 1648 1037 belluarum,
1659 997 1715 1033 sed
1725 996 1854 1034 bellum
1861 996 1982 1034 belluis
1990 996 2041 1032 in,
2073 1006 2087 1039 με

318 1045 422 1084 terat,
442 1043 586 1079 affeffi‘cus
601 1045 785 1092 gubernet.
2073 1048 2087 1065 '²

667 1105 754 1137 Tunc
769 1109 868 1137 omnia
875 1109 943 1146 jure
955 1101 1061 1137 teneht's
1070 1127 1080 1143 ,

521 1148 599 1186 Ciam
607 1157 712 1199 poteri<
719 1155 784 1186 Rex
796 1153 845 1199 ‘'ffi'
858 1157 913 1188 tus'.
965 1151 1190 1189 Claudianus.
2073 1181 2087 1219 Ἦ

2073 1224 2074 1239 l
2083 1221 2087 1238 l

900 1246 1373 1332 QUAESTIO
1425 1247 1493 1312 11.
2073 1240 2087 1333 9-ss

548 1344 629 1395 De
634 1342 1020 1414 proprietatibus
1045 1347 1201 1392 maris
1213 1380 1230 1399 ,
1254 1342 1320 1403 ξς
1335 1347 1493 1414 primo
1509 1340 1564 1392 de
1567 1339 1824 1410 fhlfhdine.
2081 1350 2087 1384 ⁴¹

457 1432 625 1470 On-clufio
641 1433 761 1480 prima.
814 1431 909 1465 inter
918 1429 1020 1464 matis
1029 1429 1255 1477 proprietates
1265 1429 1417 1475 primum
1433 1428 1489 1464 fibi
1500 1428 1618 1464 locum
1635 1430 1788 1466 vindicat
1795 1428 1949 1470 Salsedo,
1962 1428 2043 1477 quia
2073 1429 2087 1469 ¹l

457 1494 495 1518 ut
504 1481 715 1529 experientia
731 1479 880 1519 constat,
895 1489 988 1513 mare
1004 1476 1158 1524 saporem
1176 1488 1219 1512 ex
1235 1477 1313 1512 salso
1329 1477 1365 1513 ὃ(
1381 1489 1500 1512 amaro
1517 1480 1727 1526 permixtum
1745 1480 1872 1518 habet,
1892 1479 2043 1525 ideoque
2083 1491 2087 1513 ι

458 1542 553 1566 mare
569 1530 743 1565 diciturab
753 1528 983 1563 amaritudine
996 1539 1007 1570 3
1022 1527 1039 1560 a
1054 1525 1215 1561 salsedine
1230 1525 1345 1560 salsum
1361 1526 1559 1573 appellatur.
1608 1528 1762 1563 Adverte
1770 1537 1905 1566 tamen,
1916 1538 1988 1561 non
1998 1537 2043 1561 ae-
2073 1542 2087 1562 Ἰι

321 1582 461 1630 qualem
484 1579 614 1625 ubique
645 1577 840 1612 salsedinem
849 1576 950 1610 mar-is
967 1573 1044 1613 else,
1095 1573 1229 1608 Pontus
1244 1575 1337 1609 enirn
1346 1575 1499 1609 Euxinus
1517 1586 1591 1610 non
1608 1576 1652 1610 ita
1665 1576 1760 1611 salsus
1778 1575 1843 1615 est,
1859 1585 1898 1610 ut
1914 1574 2043 1609 eo—ani-
2085 1600 2087 1603 -

318 1631 421 1666 malia
431 1641 503 1664 non
511 1625 635 1675 pollint
643 1625 936 1673 adaquari2ideoq3
944 1622 1302 1671 co-ngelatur,adeo,ut
1312 1622 1607 1671 subCopronymo
1617 1633 1759 1660 centum
1768 1623 1962 1658 milliarium
1973 1622 2043 1672 gla-

317 1680 389 1715 cies
400 1675 665 1726 plaustratulerit
680 1674 862 1710 altitudine
870 1673 1009 1721 triginta
1023 1671 1234 1708 cubitorum.
1283 1671 1420 1706 Oceani
1434 1681 1551 1706 autem
1561 1672 1673 1707 ultimi
1686 1671 1959 1720 'septentrionalis
1974 1670 2043 1720 gla-
2084 1700 2087 1708 .

316 1729 411 1764 ciem
420 1726 531 1761 aestate
542 1724 643 1759 etiam
656 1721 881 1762 solstitia‹li,sex
889 1721 1020 1768 pedum
1031 1719 1212 1754 altitudine
1225 1730 1334 1765 nuper
1343 1719 1732 1767 Hollandirepererunt.
1757 1721 1969 1768 Frigidarum
1982 1731 2043 1754 zo·
2072 1752 2073 1758 ,

318 1787 441 1811 narum
454 1774 620 1808 Oceanus
631 1772 746 1806 minus
758 1771 861 1805 habet
871 1765 1256 1814 salsedinis,c1·elcitque
1266 1767 1384 1802 [enlim
1399 1767 1593 1803 amaritudo
1603 1791 1613 1808 ,
1636 1770 1708 1816 quo
1724 1769 1889 1813 torridam
1903 1780 1967 1816 pro
1993 1768 2044 1802 ius

320 1824 509 1860 acceditur.
542 1821 597 1855 Sic
607 1821 710 1855 etiam
720 1830 815 1853 mare
828 1827 1000 1853 autumno
1009 1816 1045 1851 «Sc
1053 1815 1166 1850 testate
1175 1815 1282 1850 sanius
1293 1815 1356 1854 est,
1365 1827 1468 1862 quam
1477 1816 1620 1863 hyeme.
1670 1818 1719 1851 Ex
1731 1816 1966 1864 quouniversa
1981 1817 2044 1852 iter

320 1871 519 1909 deducitur,
529 1869 634 1904 maria
644 1879 714 1914 quo
725 1866 887 1903 calidiora
895 1865 970 1900 sunt
979 1864 1014 1900 ὅ(
1022 1864 1109 1899 Solis
1123 1863 1238 1899 ardori
1247 1864 1355 1912 magis
1364 1863 1518 1911 opposita
1527 1887 1536 1904 ,
1547 1877 1591 1900 eo
1603 1863 1728 1912 majori.
1740 1863 1902 1914 salsugine
1917 1864 2042 1901 inferta
2072 1868 2073 1871 ’

315 1919 596 1967 comperiuntur.
646 1917 748 1951 Ratio
758 1914 822 1954 est,
834 1926 914 1949 nam
925 1912 985 1948 Sol
995 1911 1165 1959 majorem
1176 1911 1286 1947 dulcis
1298 1923 1394 1959 aquae
1403 1913 1541 1960 copiam
1550 1913 1694 1954 attollit,
1706 1907 1742 1950 ὃ(
1760 1914 1794 1948 in
1804 1924 1950 1961 vapores
1958 1924 2043 1949 con-

319 1969 440 2007 vertit,
451 1966 601 2015 quisaepe
609 1964 722 2000 versus
732 1964 833 2011 polos
841 1963 1013 1998 recidunt.
1064 1961 1231 1996 Praeterea
1246 1961 1303 1996 ubi
1317 1960 1458 2010 longior
1475 1961 1586 1997 imber
1599 1974 1694 1997 mare
1707 1963 1752 1998 de
1766 1962 1860 1997 coelo
1879 1961 2043 2010 perpluit,

320 2028 380 2053 aut
387 2018 446 2052 ubi
457 2013 669 2061 majoraquae
679 2012 788 2048 dulcis
798 2012 899 2059 copia
907 2010 1075 2047 corrivata
1088 2008 1319 2049 mareinfluit,
1329 2010 1444 2044 minus
1461 2009 1579 2045 salsum
1592 2010 1710 2049 existit.
1737 2011 1786 2046 Ita
1801 2010 1959 2046 inlittore
1968 2010 2043 2045 ‘Ma-

316 2066 449 2102 labrico
460 2063 587 2098 menlib
593 2073 630 2097 us
640 2061 822 2110 praesertirn
830 2058 1034 2108 pluvialibus
1043 2068 1185 2106 propter
1193 2070 1356 2106 magnam
1365 2070 1405 2105 aq
1411 2069 1461 2093 uae
1469 2059 1606 2106 copiam
1617 2081 1626 2098 ,
1636 2070 1711 2105 quae
1719 2064 1762 2094 ex
1770 2056 2042 2107 montiumjugis
2066 2080 2067 2084 =

315 2114 505 2152 delabitur,
514 2123 638 2158 aquam
647 2109 769 2145 oceani
780 2121 870 2156 pene
879 2107 1017 2142 dulcem
1028 2106 1261 2154 experiuntur.
1314 2106 1482 2154 Cumque
1496 2107 1532 2141 in
1542 2107 1626 2141 locis
1638 2107 1836 2142 Borealibus
1850 2107 1911 2155 per
1926 2116 2041 2142 totum
2065 2111 2073 2153 J

316 2164 393 2200 fere
403 2172 532 2197 annum
543 2159 652 2206 pluat,
663 2158 700 2195 fit
709 2159 802 2197 inde,
811 2167 850 2192 ut
858 2167 1011 2191 oceanus
1022 2155 1125 2190 etiam
1137 2154 1410 2202 septentrionalis
1428 2155 1544 2189 minus
1554 2155 1677 2190 habeat
1686 2155 1864 2194 salsedinis.
1918 2156 2042 2204 Ingen-

316 2221 372 2247 tes
380 2221 524 2258 quoque
533 2206 628 2244 fluvii
645 2207 705 2255 qui
722 2218 846 2255 magna
856 2216 1023 2252 aquarum
1034 2203 1189 2238 dulcium
1199 2203 1300 2250 copia
1311 2204 1344 2238 in
1353 2214 1447 2238 mare
1458 2202 1489 2238 se
1498 2203 1529 2238 Ie
1540 2214 1731 2239 exonerant
1740 2227 1750 2244 ,
1767 2203 1963 2239 salsedinem
1972 2216 2047 2252 mag
2064 2207 2066 2210 ⁴

317 2260 366 2297 :ris
377 2260 470 2294 haud
479 2257 702 2292 mediocriter
715 2261 958 2301 attemperant.
1012 2253 1060 2287 Ita
1068 2250 1192 2287 fluvius
1209 2251 1265 2286 ille
1280 2262 1427 2300 magnus
1442 2251 1477 2286 in
1484 2251 1630 2292 Bralilia,
1646 2252 1752 2301 vulgo
1761 2255 1812 2286 Rio
1821 2252 1895 2287 della
1902 2254 1981 2300 plaia
1994 2251 2043 2287 di,
2071 2284 2072 2289 ,

316 2308 585 2348 ,ἃυῆοςεῑῑῃυῐη
595 2303 742 2339 influens
753 2301 909 2350 ejusdem
919 2312 1021 2348 aquas
1032 2300 1117 2335 ultra
1127 2311 1164 2344 15.
1173 2299 1324 2335 milliaria
1334 2301 1378 2335 ita
1386 2310 1591 2347 attemperat
1601 2311 1638 2336 ut
1648 2300 1682 2335 in
1690 2310 1788 2350 grato
1798 2299 1990 2336 dulcedinis
1997 2300 2041 2336 sa-
2070 2329 2072 2337 s

320 2368 411 2406 pore
421 2354 623 2403 perseveret.
675 2352 852 2387 Idemfere
866 2343 1083 2398 contingitin
1095 2348 1404 2388 Africa,ubiZaire
1413 2346 1537 2392 fluvius
1546 2349 1580 2384 in
1590 2349 1777 2385 Oceanum
1788 2349 1993 2385 infunditur.
2037 2346 2045 2388 ζ
2071 2349 2072 2352 ’

423 2402 611 2440 Conclufio
631 2401 790 2437 secunda.
841 2400 928 2434 Haec
936 2398 1038 2433 maris
1049 2397 1175 2433 salsedo
1184 2396 1258 2432 non
1268 2398 1428 2445 provenit
1437 2406 1601 2445 tanquam
1611 2409 1653 2433 ex
1662 2399 1766 2433 unica
1774 2398 1870 2434 causa
1880 2410 1922 2433 ex
1930 2396 2045 2449 multi}
2069 2417 2072 2435 ι

321 2454 450 2491 tudine
459 2451 717 2487 exhalationum
732 2448 927 2484 adustarum
936 2470 945 2487 ,
954 2447 1065 2494 quase
1075 2457 1163 2482 terra
1171 2446 1374 2486 Soleducit,
1388 2446 1571 2494 ventisque
1579 2445 1699 2482 delatae
1716 2447 1751 2481 in
1760 2458 1856 2482 mare
1864 2447 2046 2487 decidunt,

325 2503 453 2539 &cum
465 2499 758 2548 aquamilcentur.
809 2497 911 2532 Ratio
925 2495 973 2531 est
981 2496 1111 2544 primo.-
1127 2495 1206 2543 quia
1214 2494 1466 2535 exhalationes,
1483 2506 1566 2543 quas
1582 2496 1601 2530 e
1616 2495 1770 2531 terraSol
1783 2495 1947 2531 educit&
1962 2495 2042 2537 adu,
2070 2522 2071 2529 ,

326 2553 390 2590 rit,
406 2549 649 2585 nonvidentur
658 2546 812 2583 sufficere
820 2546 862 2581 ad
876 2555 993 2581 totum
1008 2555 1104 2580 mare
1121 2543 1307 2580 saliendum
1321 2566 1332 2582 ,
1345 2543 1529 2592 p-raesertim
1544 2543 1743 2580 incurrente
1756 2553 1850 2579 tanta
1862 2542 2044 2580 fluminum
2068 2553 2071 2578 ε

326 2600 439 2647 copia.
490 2598 654 2633 Secundo
662 2619 672 2638 2
682 2595 759 2643 quia
769 2595 872 2630 etiam
883 2593 1046 2633 flumina,
1055 2592 1188 2634 fontes,
1197 2592 1292 2628 lacus
1303 2592 1338 2628 ὅ(
1348 2591 1491 2640 paludes
1500 2593 1629 2628 habent
1638 2590 1842 2639 hujusmodi
1855 2592 2040 2628 exhalatio·
2068 2602 2072 2641 1

325 2659 390 2685 nes
400 2657 458 2683 aut
466 2643 767 2681 admiscenturillis
775 2644 935 2679 &tamen
948 2653 1023 2678 non
1030 2642 1244 2677 contrahunt
1252 2640 1460 2678 salsedinem.
1472 2640 1606 2681 Tertio,
1615 2641 1694 2689 quia
1703 2653 1785 2676 cum
1793 2652 1836 2676 ex
1846 2641 1960 2689 aliquo
1969 2651 2044 2677 cor·
2068 2644 2071 2675 i

326 2708 415 2747 pore
425 2696 456 2731 vi
466 2694 587 2731 caloris
596 2703 654 2729 aut
663 2692 938 2742 ignis-elevantur
945 2690 1201 2730 exhalationes,
1212 2691 1309 2737 quod
1324 2689 1477 2726 elevatur
1484 2701 1558 2724 non
1569 2689 1615 2725 est
1625 2692 1670 2724 ita
1681 2689 1814 2730 salsum,
1823 2689 1879 2725 sed
1894 2701 1969 2738 pars
1981 2700 2043 2738 po-

325 2748 398 2782 tius
412 2744 494 2784 fixa,
510 2755 585 2791 quae
598 2751 773 2781 remanet,
792 2740 839 2776 est
856 2740 949 2780 salsa,
967 2749 1063 2788 patet
1077 2741 1150 2775 hoc
1166 2738 1390 2779 indutrione,
1405 2750 1485 2773 nam
1499 2737 1521 2773 fi
1541 2750 1630 2786 aqua
1649 2737 1723 2773 salsa
1736 2737 1913 2774 distilletur
1924 2761 1934 2778 ,
1949 2737 2045 2786 quod
2068 2749 2070 2771 !

327 2795 485 2831 elevatur
500 2792 547 2828 est
562 2790 762 2839 insipidum,
779 2789 818 2824 sai
833 2798 990 2824 remanet
998 2789 1033 2823 in
1047 2788 1160 2823 fundo
1177 2800 1189 2832 ς
1204 2788 1239 2822 in
1255 2788 1334 2823 cibo
1352 2798 1575 2822 excrementa
1589 2810 1600 2827 ,
1615 2799 1690 2834 quae
1701 2786 1873 2822 lubfidunt
1887 2786 1923 2822 ὅτ
1935 2798 2043 2830 rema·¹
2068 2798 2070 2817 1

331 2842 475 2882 nent-,su
483 2851 518 2876 nt
527 2840 602 2875 salsa
611 2852 640 2875 e.
650 2853 681 2888 g.
690 2837 846 2873 urinaest
861 2836 1192 2885 salsa&generaliter
1210 2848 1291 2872 cum
1306 2835 1434 2882 aliquid
1450 2835 1685 2875 comburitur,
1701 2835 1786 2871 cinis
1800 2846 1982 2871 remanens
1998 2833 2046 2870 est
2068 2849 2070 2868 s

330 2891 610 2937 salliis,ideoque
618 2888 648 2924 si}
656 2899 742 2935 aqua
759 2898 819 2934 per
834 2887 988 2923 cinerem
1005 2886 1157 2926 coletur,
1167 2883 1205 2920 fit
1217 2884 1390 2924 lixivium,
1407 2886 1503 2931 quod
1515 2884 1565 2920 est
1578 2883 1707 2919 salsum,
1757 2884 1915 2931 Qarto,
1932 2883 2010 2931 quia
2022 2881 2044 2918 fi
2068 2906 2070 2931 1

331 2938 535 2985 hujusmodi
546 2937 782 2972 exhalationes
797 2946 892 2982 aquae
905 2935 1063 2970 admixtae
1077 2957 1087 2974 ,
1103 2945 1180 2968 eam
1196 2933 1306 2968 salsam
1323 2931 1502 2968 efficerent
1514 2955 1526 2973 ,
1541 2933 1643 2968 etiam
1658 2932 1773 2980 pluvia
1785 2933 1822 2968 ὅ(
1835 2931 1910 2972 nix,
1923 2931 2045 2980 quibus
2067 2941 2069 2963 ἐ

331 2989 496 3023 immixtae
512 2987 543 3021 su
549 2996 586 3021 nt
595 2985 678 3021 tales
689 2983 941 3023 exhalationes,
951 2983 1118 3018 deberent
1127 2981 1194 3017 effe
1202 2981 1302 3021 salsae,
1317 2982 1414 3029 quod
1421 2990 1539 3017 tamen
1549 2980 1596 3016 est
1603 2990 1724 3016 contra
1731 2980 1991 3028 experientiam.

433 3036 543 3082 Qod
551 3045 669 3070 tamen
677 3031 845 3081 praedietae
859 3031 1095 3067 exhalationes
1104 3029 1229 3066 adustae
1243 3030 1372 3078 aliquid
1381 3029 1580 3069 conferant,
1595 3040 1668 3064 non
1676 3029 1826 3064 omnino
1840 3027 2043 3076 improbabi.
2068 3040 2069 3043 ¹

331 3085 365 3121 le
374 3083 431 3122 est.
481 3085 573 3118 Nam
581 3083 677 3130 sapor
686 3081 781 3117 salsus
790 3080 1063 3129 provenitetiam
1073 3080 1091 3114 a
1099 3079 1330 3126 permixtione
1339 3078 1517 3114 humidi&
1526 3078 1603 3113 ficei
1611 3077 1717 3113 adusti
1727 3078 1746 3112 a
1762 3077 1894 3117 calore,
1909 3088 1982 3112 non
1996 3085 2040 3113 ta·

331 3145 414 3169 men
425 3143 467 3167 ex
478 3141 556 3166 toto
568 3130 720 3170 decoffi,
736 3139 774 3164 ut
781 3139 874 3177 patet
887 3129 920 3164 in
936 3127 1217 3167 sudore,lixivio,
1228 3127 1303 3174 talis
1314 3136 1429 3162 autem
1445 3126 1577 3162 adustio
1588 3125 1635 3161 est
1644 3126 1679 3162 in
1693 3127 1837 3161 terrenis
1858 3125 2054 3173 exhalatio-⁵
2068 3137 2069 3141 ¹

328 3181 432 3218 nibus
451 3180 535 3215 mari
550 3180 738 3226 permixtis⁴
788 3176 957 3226 Analogia
967 3176 1013 3211 est
1022 3177 1126 3211 etiam
1134 3177 1175 3211 ab
1184 3177 1341 3211 humano
1356 3186 1523 3224 corpore,
1538 3175 1575 3211 in
1582 3186 1654 3223 quo
1669 3174 1763 3212 calor
1776 3175 1912 3212 nativus
1925 3173 2041 3211 dulces

328 3230 436 3268 etiarn
453 3227 550 3265 cibos
559 3228 595 3264 in
611 3227 728 3264 laisum
737 3228 924 3263 humorem
940 3225 1109 3262 resolvere
1124 3223 1315 3262 consuevit.
1945 3268 1979 3307 C

1980 3277 2040 3305 On.
