2087 3610
283 196 391 263 246
972 196 1334 268 Metcorologia

297 273 325 307 E
338 269 546 311 converioffi
561 271 652 306 idem
666 269 721 305 ille
739 268 869 317 spiritus
885 267 989 306 siccus
996 270 1174 306 materiam
1190 283 1264 306 non
1277 272 1395 305 adurat
1410 293 1420 310 ,
1435 270 1490 306 sed
1505 270 1612 307 solum
1630 270 1770 311 efficiat,
1786 280 1823 307 ut
1837 280 2001 317 evaporet

301 320 487 355 humidum
509 319 651 354 crassum
673 319 709 354 &
725 316 931 365 superfluum
942 341 952 359 ,
968 319 1086 354 subtile
1100 330 1215 354 autem
1227 319 1376 367 periee‘te
1390 319 1632 367 incorporet&
1644 321 1736 355 uniat
1751 332 1832 355 cum
1849 321 1999 366 partibus

299 368 393 403 ssecis
406 379 444 402 ac
452 368 734 416 terreis,generat
747 366 885 413 lapides,

397 415 591 451 Deducitur
606 415 768 451 secundo.
819 414 928 460 Qod
946 413 1075 460 semper
1083 414 1117 449 in
1128 414 1348 450 mineralibus
1358 425 1533 451 remaneat
1542 415 1670 463 aliquid
1680 415 1833 455 humidi,
1847 413 2001 462 alioquin

299 473 412 512 partes
428 463 519 498 liccae
536 475 607 498 non
618 461 886 497 adhaerescerent
899 462 1063 497 invicem.

393 512 589 547 Deducitur
596 511 709 546 tertio.
762 509 924 544 Calorem
938 510 1087 558 &frigus
1097 522 1169 545 non
1178 509 1242 545 effe
1258 510 1370 545 causas
1384 510 1441 545 nifi
1456 511 1726 546 instrumentales
1741 511 1774 546 ὃ(
1792 509 2001 557 dispolitivas

299 560 535 599 mineralium,
549 568 670 606 utpote
684 569 767 606 pura
780 558 985 598 accidentia,
1000 555 1121 593 foffilia
1136 559 1229 593 enirn
1242 559 1371 593 habent
1383 560 1555 606 propriam
1573 560 1720 594 formam
1732 558 1978 594 substantialem
1988 579 2000 597 ,

298 608 335 644 ὅ(
351 620 423 643 non
432 607 588 643 constant
597 618 638 642 ex
656 618 738 653 pura
746 606 834 641 varia
850 607 1113 641 combinatione
1127 607 1430 654 corpusculorum3
1446 607 1578 642 nullum
1594 617 1710 642 autem
1725 607 1884 642 accidens
1898 606 2002 640 etiam

298 656 498 704 partialiter,
515 665 553 690 ut
561 655 745 690 docuimus
755 654 789 688 in
799 653 954 700 Physica,
967 654 1077 701 potest
1087 655 1280 702 producere
1290 653 1513 690 substantiam.
1566 655 1670 690 [Inde
2070 694 2071 697 Ἴ

398 704 592 739 Deducitur
606 712 738 749 quarto.
789 703 899 749 Qod
913 702 1019 737 virtus
1035 703 1228 750 principalis
1242 701 1401 737 foffilium
1413 703 1449 738 sit
1464 703 1569 739 virtus
1578 703 1731 750 corporis
1742 701 1906 742 coelestis,
1924 712 2000 748 quae
2043 706 2046 708 '

298 752 537 788 communicat
550 749 769 785 mineralibus
784 751 947 797 quasdam
963 751 1140 797 qualitates
1154 751 1324 790 occultas,
1339 762 1489 798 perquas
1503 752 1639 787 causant
1654 750 1823 786 mirabiles
1838 749 1979 785 effeetus
1989 771 2002 791 ,

301 810 339 836 ut
353 799 489 848 patetin
498 808 659 847 magnete
674 799 832 833 trahente
848 798 996 838 ferrum,
1006 799 1041 834 &
1056 800 1089 833 in
1100 799 1253 846 pluribus
1268 798 1435 846 lapidibus
1451 800 1613 846 pretiosis.

396 847 589 883 Deducitur
604 847 738 894 quintO.
791 846 1027 881 Differentiam
1042 847 1257 882 mineralium
1275 847 1353 881 oriri
1368 858 1411 882 ex
1425 847 1614 883 diverfitate
1637 845 1816 882 halituum.
1867 845 1996 892 Neque

298 897 392 932 enim
408 906 531 930 omnes
539 895 774 930 exhalationes
788 895 880 930 ficcae
898 895 972 930 sunt
988 893 1144 941 ejusdem
1161 895 1299 943 speciei,
1315 906 1418 942 prout
1434 895 1525 931 enim
1542 896 1677 931 diversit
1692 895 1830 930 minerae
1839 893 1932 934 sunt,
1948 893 1999 928 di-

298 943 399 980 vei-[¹21³
409 944 510 979 etiam
527 943 975 992 generanturexhalationes
985 965 994 983 ,
1011 955 1089 978 nam
1101 943 1183 979 ficut
1196 955 1268 978 non
1278 943 1392 978 omnis
1407 944 1472 978 fert
1480 944 1598 979 omnia
1612 943 1730 983 tellus,
1745 943 1871 978 itanon
1885 941 1999 977 omnis

297 993 429 1029 minera
445 994 587 1027 eosdem
606 1001 763 1038 procreat
778 991 911 1026 halitus,

392 1039 580 1076 Conclufio
589 1048 716 1086 quarta.
767 1040 898 1074 Modus
905 1039 1136 1087 generationis
1152 1038 1368 1074 metallorum
1379 1040 1468 1075 bene
1477 1040 1517 1074 ab
1527 1040 1652 1074 eodem
1663 1037 1873 1086 Philosopho
1890 1038 1932 1074 fic
1942 1044 1998 1073 ex·

295 1088 458 1137 plicatur:
475 1088 561 1122 intra
576 1097 671 1122 terrae
680 1086 804 1122 viscera
819 1088 1010 1122 excitantur
1023 1088 1055 1122 vi
1073 1087 1193 1123 caloris
1208 1087 1447 1135 exspirationes
1463 1088 1714 1135 humidte,quae
1729 1087 1950 1122 ascendentes
1963 1086 2000 1121 in

292 1138 394 1184 'supra
408 1136 536 1184 pofitos
551 1135 884 1184 lapidesimpingunt
895 1135 930 1171 &
946 1136 1181 1170 adhaerelcunt
1191 1158 1200 1174 ,
1214 1146 1317 1182 atque
1334 1147 1457 1170 eorum
1467 1137 1597 1170 intenso
1613 1138 1740 1184 lrigore
1753 1134 1999 1182 constipantur,

296 1186 389 1221 itaut
404 1197 471 1220 una
487 1196 567 1219 cum
577 1183 727 1231 pluribus
736 1183 943 1230 corpusculis
953 1184 1068 1219 ferreis
1083 1184 1118 1219 ὅ(
1132 1184 1222 1220 flecis
1237 1185 1461 1219 concrescant
1474 1186 1515 1219 ad
1530 1186 1677 1219 modum
1694 1185 1778 1218 roris
1795 1195 1834 1218 ac
1850 1183 1999 1231 pruinae,

297 1245 373 1281 quae
389 1233 617 1268 continuante
634 1232 725 1266 suam
740 1230 912 1267 athonem
927 1231 1056 1280 frigore
1069 1255 1079 1271 ,
1093 1232 1128 1268 &
1145 1230 1291 1279 subjefiffi
1307 1232 1438 1268 minera
1451 1243 1563 1267 novos
1585 1233 1706 1268 halitus
1728 1231 1998 1267 subministrante

299 1281 436 1320 crescit,
452 1293 492 1316 ac
501 1281 626 1327 magis,
639 1280 818 1328 magisque
834 1280 992 1315 densatur
1002 1303 1011 1319 ‚
1021 1292 1061 1314 ac
1074 1282 1214 1315 duratur
1229 1282 1343 1316 donec
1352 1281 1520 1316 formetur
1530 1281 1563 1314 in
1574 1281 1761 1318 metallum.
1811 1281 1861 1315 Ex
1878 1291 1949 1328 quo

395 1329 589 1365 Deducitur
611 1328 743 1376 primo,
754 1328 930 1363 materiam
948 1327 1166 1363 metallorum
1185 1327 1249 1363 esse
1261 1329 1597 1364 halitumhumidum
1610 1329 1697 1364 intra
1706 1338 1802 1363 terrae
1818 1327 1942 1365 viscera
1952 1326 1999 1363 la-

294 1378 432 1427 pidibus
449 1374 662 1425 potiffimum
680 1375 881 1412 conclusum
893 1399 903 1415 ,
919 1376 1008 1411 &ob
1017 1386 1112 1411 rerrae
1123 1376 1534 1425 lapidumqueiiccitatem
1549 1377 1700 1425 acfrigus
1717 1376 1954 1424 coagulatum3
1974 1375 1997 1410 i-

296 1437 331 1463 ta
347 1436 383 1462 ut
392 1426 691 1472 quemadmodum
707 1436 764 1459 ros
780 1424 815 1460 ὅ(
825 1425 945 1472 pruina
962 1436 1003 1459 ex
1011 1437 1138 1471 vapore
1147 1425 1280 1460 elevato
1291 1427 1309 1460 a
1324 1435 1428 1465 terra,
1445 1424 1500 1460 sed
1509 1425 1594 1460 aeris
1609 1425 1803 1461 circumfufi
1817 1425 2000 1472 frigiditate

296 1473 483 1511 addensato
500 1473 610 1519 fit3ita
625 1472 761 1508 metalla
777 1484 818 1507 ex
834 1484 961 1521 vapore
975 1474 1089 1508 adhuc
1103 1484 1196 1508 terrae
1205 1473 1360 1509 insidenti
1374 1496 1385 1514 ,
1400 1474 1435 1509 ὃ(
1448 1473 1607 1521 praedieia
1626 1473 1809 1523 frigiditate
1829 1481 1997 1508 concreto

289 1550 293 1552 -
321 1533 517 1559 enerentur.
568 1520 1113 1569 Confirmarihocoptimepotest
1128 1533 1169 1557 ex
1183 1533 1244 1562 eo,
1259 1523 1354 1569 quod
1371 1522 1472 1557 etiam
1484 1534 1524 1557 ex
1535 1522 1692 1557 halitibus
1709 1522 1744 1556 in
1757 1521 1898 1556 sublime
1919 1532 1997 1556 eve-

295 1537 358 1609 {iis
368 1580 552 1620 generetur
565 1570 738 1605 interdum
748 1571 782 1604 in
797 1575 873 1605 aere
881 1571 1027 1609 ferrum,
1043 1581 1104 1609 aes,
1114 1570 1246 1617 aliaque
1259 1569 1477 1616 hujusmodi,
1491 1569 1673 1605 uttestatur
1682 1570 1907 1617 experientia,
1918 1581 1998 1604 nam

298 1621 334 1657 in
351 1619 483 1656 Perside
499 1631 571 1653 non
581 1617 681 1653 semel
697 1629 790 1653 aenea
805 1630 952 1664 corpora
965 1641 975 1657 ,
989 1618 1134 1653 hamatis
1150 1619 1270 1666 sagittis
1285 1618 1400 1659 similia
1412 1641 1421 1658 ,
1437 1618 1530 1653 coelo
1547 1618 1746 1654 coruscante
1761 1616 1999 1658 defluxerunt,

297 1669 334 1705 ὅ(
348 1668 473 1714 dilapsa
488 1666 675 1714 aliquando
690 1666 754 1701 fuit
763 1666 873 1701 moles
889 1667 997 1701 ferrea
1013 1667 1426 1714 quinquagintalibrarum
1435 1668 1524 1701 adeo
1539 1668 1622 1701 dura
1636 1689 1645 1705 ,
1662 1676 1699 1701 ut
1712 1666 1820 1713 lrangi
1835 1666 1998 1713 nequive-

297 1718 351 1753 rit.
401 1716 537 1763 Qare,
552 1715 574 1750 fi
586 1714 763 1761 exspiratio
777 1713 890 1762 potest
911 1714 947 1749 in
960 1718 1033 1748 abre
1049 1714 1083 1749 in
1101 1714 1277 1749 metallum
1299 1715 1521 1750 concrescere
1538 1727 1549 1759 3
1570 1714 1682 1749 multo
1700 1714 1842 1750 faciliori
1853 1714 1997 1762 negotio

296 1765 425 1814 poterit
438 1766 472 1798 in
481 1774 577 1798 terrae
585 1762 738 1811 gremi03
755 1763 790 1796 in
802 1768 879 1797 aere
893 1762 985 1798 enim
997 1773 1125 1803 motuS,
1135 1774 1205 1810 quo
1216 1762 1394 1810 exspiratio
1402 1763 1525 1802 fertur,
1540 1774 1616 1797 raro
1633 1762 1707 1797 finit
1720 1774 1795 1799 eam
1815 1762 1946 1798 solidari
1962 1763 1997 1799 in

295 1813 515 1851 denfitatem,
531 1823 634 1859 quam
643 1810 769 1845 metalli
782 1820 901 1845 natura
916 1811 1028 1859 exigit.
1736 1851 1738 1853 v

392 1860 586 1896 Deducitur
601 1858 763 1896 secundo.
814 1858 1032 1894 Aristotelem
1048 1870 1120 1893 non
1130 1857 1338 1893 constituere
1356 1856 1464 1894 solum
1479 1870 1644 1906 vaporem
1653 1858 1829 1895 materiam
1841 1857 1996 1894 metallo-

294 1922 392 1954 rum3
407 1908 613 1944 sedhalitum
622 1919 664 1942 ex
678 1918 807 1954 vapore
819 1908 855 1942 ὅ(
879 1906 1096 1942 exhalatione
1110 1906 1340 1953 compositum
1359 1929 1369 1946 ,
1391 1907 1425 1941 in
1439 1919 1509 1955 quo
1525 1917 1642 1942 tamen
1655 1907 1834 1954 praevaleat
1848 1907 1997 1942 humidi-

298 1968 349 1994 tas
363 1957 500 2005 vapori,
514 1957 665 2003 ideoque
674 1953 927 2002 aitlib.3.hujus
948 1955 1061 2002 operis
1081 1955 1216 1990 metalla
1230 1956 1351 2003 partim
1370 1951 1434 1990 effe
1448 1967 1570 2004 aquam
1588 1978 1598 1995 ,
1617 1955 1737 2003 partim
1757 1966 1830 1990 non
1852 1967 1996 2002 aquam;

294 2018 417 2054 aquam
427 2015 532 2053 prout
546 2005 773 2040 concrescunt
788 2015 830 2038 ex
843 2014 970 2050 vapore
982 2025 993 2043 ,
1014 2003 1073 2050 qui
1090 2002 1136 2037 est
1151 2015 1267 2051 aqueae
1276 2013 1504 2048 naturae3non
1512 2015 1634 2051 aquarn
1650 2013 1755 2051 prout
1770 2013 1996 2052 augmentan-

297 2065 353 2091 tur
365 2066 406 2090 ex
420 2055 504 2089 licea
518 2053 712 2101 spiratione,
727 2050 824 2098 cujus
838 2051 1075 2099 permixtionis
1083 2061 1325 2086 aroumentum
1335 2050 1398 2091 est,
1409 2053 1521 2099 quod,
1532 2062 1568 2087 ut
1578 2053 1742 2092 diximus,
1757 2048 1995 2100 metallaignea·

293 2113 394 2140 antur
403 2113 530 2149 nempe
544 2110 684 2148 propter
698 2100 816 2136 ficcam
828 2099 1098 2139 exhalationem,
1111 2080 1144 2135 (Ξ
1155 2099 1341 2147 liquescant
1357 2109 1496 2147 propter
1504 2112 1667 2147 vaporem
1681 2101 1875 2135 humidum.

392 2150 586 2186 Deducitur
601 2148 714 2185 tertio,
744 2149 902 2183 Formam
915 2147 1100 2182 sensibilem
1113 2147 1239 2182 metalli
1250 2147 1316 2183 esse
1325 2148 1485 2182 duritiem
1496 2148 1530 2183 ὅ(
1544 2148 1742 2183 denfitatem
1752 2171 1762 2187 ,
1773 2159 1997 2196 praeterquam

292 2200 364 2236 dari
373 2200 520 2235 formam
530 2196 776 2234 substantialem
785 2196 922 2236 metalli,
931 2197 1116 2232 habentem
1126 2196 1239 2244 plures
1248 2197 1390 2231 virtutes
1398 2196 1734 2244 occultasampreffas
1743 2197 1760 2231 a
1769 2208 1915 2245 corpore
1925 2208 1997 2233 coe-

289 2248 373 2286 lesti.

389 2295 583 2330 Deducitur
591 2303 724 2341 quarto·
775 2293 823 2328 Ex
839 2292 1006 2340 proediffls
1016 2292 1152 2327 duobus
1168 2292 1332 2327 halitibus
1352 2292 1386 2327 in
1407 2304 1509 2327 unam
1527 2292 1657 2327 molem
1669 2293 1995 2332 concretis,adden-

293 2344 438 2392 satisque
451 2342 627 2378 metallum
643 2342 799 2388 accipere
818 2342 1033 2389 gravitatem,
1049 2352 1120 2374 non
1131 2342 1371 2387 autem,quod
1388 2352 1430 2375 ex
1442 2341 1737 2389 pinguihumore,
1752 2351 1810 2377 aut
1818 2353 1859 2376 ex
1867 2342 1995 2389 aqua&

292 2402 382 2429 terra
403 2392 602 2426 immediate
625 2391 845 2437 progenitum
859 2389 978 2426 fuerit,
994 2389 1072 2424 licet
1082 2401 1169 2436 aqua
1178 2389 1212 2424 &
1224 2399 1311 2424 terra
1328 2390 1363 2423 in
1373 2390 1468 2424 venis
1477 2389 1510 2424 <Sc
1519 2389 1612 2437 poris
1627 2389 1804 2425 metallicis
1816 2390 1978 2426 inveniar!
1991 2413 1995 2418 -

293 2451 366 2481 tur,
379 2449 502 2487 utpote
511 2440 530 2474 e
539 2440 662 2486 quibus
670 2450 776 2486 vapor
784 2439 817 2474 ὅ(
827 2437 996 2473 exhalatio
1011 2438 1136 2483 prodit.

390 2488 726 2534 Deduciturquinto.
776 2487 824 2521 Ex
832 2486 974 2520 metallis
984 2485 1045 2520 alia
1060 2484 1320 2532 effeliquabilia,
1335 2485 1395 2519 alia
1404 2484 1577 2520 duffibilia
1592 2508 1602 2525 ,
1619 2484 1684 2520 [ive
1699 2486 1918 2521 extendibilia
1932 2498 1991 2534 per

291 2537 398 2574 ieium
409 2536 537 2575 mallei,
553 2537 649 2583 quod
658 2546 729 2570 non
740 2535 787 2570 est
802 2536 846 2570 ita
855 2534 1116 2582 intelligendum
1127 2556 1136 2573 ,
1147 2544 1184 2568 ut
1192 2533 1363 2580 liquabilia
1372 2545 1444 2568 non
1454 2533 1516 2568 smt
1525 2534 1627 2569 etiam
1638 2534 1825 2575 cluffibilia,
1838 2534 1871 2570 ὃ(
1881 2536 1899 2568 e
1909 2547 1991 2569 con-

291 2585 406 2624 verso,
425 2583 478 2620 sed
489 2594 526 2619 ut
534 2583 644 2631 aliqua
656 2583 966 2631 faciliusliquentur
976 2605 985 2621 ,
999 2594 1101 2629 quam
1118 2583 1308 2626 ducantur3
1325 2581 1385 2616 alia
1394 2582 1524 2617 facilius
1538 2583 1709 2617 ducantur
1720 2605 1730 2621 ,
1749 2595 1850 2630 quam
1860 2583 1991 2630 liquen-

291 2643 358 2670 tur.
409 2632 599 2680 Liquabilia
614 2633 704 2672 sunt,
719 2643 794 2678 quae
809 2632 884 2679 plus
900 2630 1186 2668 habenthumidi,
1201 2639 1239 2664 ut
1250 2629 1447 2676 plumbum,
1464 2630 1621 2665 stannum
1632 2630 1699 2666 ἀς.
1710 2630 1891 2666 Duffibilia
1908 2631 1992 2672 sunt,

291 2693 367 2730 quae
382 2681 703 2717 habenthumidum
712 2679 933 2716 mediocriter
941 2687 1207 2727 attemperatum
1226 2677 1314 2714 liceo
1327 2700 1336 2717 ,
1346 2688 1383 2713 ut
1392 2689 1531 2719 aurum,
1547 2680 1642 2726 quod
1651 2679 1993 2727 potestduciinlami·

289 2742 350 2766 nas
366 2727 596 2766 subtiliffimas.

387 2778 581 2814 Deducitur
597 2776 701 2813 sexto,
751 2775 891 2811 Metalla
910 2776 1066 2822 quaedam
1082 2773 1148 2810 esse
1166 2774 1274 2823 magis
1289 2786 1390 2822 pura,
1405 2777 1561 2822 quaedam
1574 2775 1697 2812 minus.
1748 2773 1890 2810 Puriora
1907 2775 1991 2814 sunt,

292 2838 335 2862 ex
351 2823 774 2874 quibus,dumignescunt
788 2825 902 2859 minus
917 2824 1132 2872 deperditur,
1147 2822 1182 2858 ὅ(
1195 2833 1356 2870 evaporat
1371 2836 1381 2867 3
1404 2825 1513 2859 oritur
1522 2824 1613 2859 enim
1629 2823 1662 2857 id
1677 2834 1719 2857 ex
1735 2835 1796 2863 eo,
1811 2824 1934 2870 quiain
1951 2824 1989 2858 iis

290 2886 366 2910 non
383 2876 456 2910 (unt
470 2884 580 2922 partes
596 2873 860 2909 excrementiti‘ae
874 2895 883 2911 ,
905 2883 979 2919 quae
1002 2873 1080 2921 igne
1105 2871 1308 2918 separentur.
1360 2871 1477 2907 Minus
1492 2884 1576 2920 pura
1596 2872 1689 2910 sunt,
1707 2883 1749 2906 ex
1766 2872 1889 2919 quibus
1907 2883 1996 2907 cum·

292 2923 488 2973 igniuntur,
506 2923 580 2970 plus
591 2921 805 2969 deperditur,
820 2933 863 2956 eo
874 2922 968 2967 quod
976 2919 1311 2965 abundentpluribus
1329 2920 1477 2966 partibus
1493 2920 1770 2958 excrementitiis‚

392 2971 579 3007 Conclufio
594 2971 722 3017 quinta.
774 2969 881 3004 Causa
893 2967 1043 3003 efficiens
1055 2967 1272 3002 metallorum
1284 2967 1330 3002 est
1338 2969 1461 3014 pariter
1469 2969 1574 3004 virtus
1584 2968 1726 3003 siderum
1738 2967 1916 3014 praesertim
1925 2968 1987 3003 So-

290 3021 350 3066 lis;
363 3031 443 3056 nam
461 3031 540 3055 cum
550 3019 685 3054 metalla
699 3017 760 3052 fint
768 3017 878 3056 mista,
897 3018 1112 3064 proindeque
1126 3015 1374 3051 excellentioris
1393 3027 1539 3057 naturae,
1554 3029 1656 3065 quam
1673 3016 1859 3055 elementa,
1875 3017 1907 3050 in
1916 3016 1997 3063 quin·

288 3070 353 3106 bus
370 3069 598 3106 efformanrur
611 3090 621 3108 ,
641 3067 675 3103 ὅ(
691 3066 806 3101 omnis
824 3064 1015 3114 principalis
1032 3065 1128 3101 caula
1145 3065 1268 3100 debeat
1288 3063 1353 3100 effe
1374 3065 1542 3107 nobilior,
1557 3064 1610 3101 vel
1626 3064 1740 3099 saltem
1754 3065 1850 3112 aeque
1866 3065 1988 3099 nobilis

1886 3123 1996 3161 quam*
