2087 3610
297 238 408 291 274
963 220 1323 293 Meteorologia

413 301 516 337 Dices
531 315 541 336 ι
556 301 702 350 Magnes
715 311 787 337 non
800 299 930 349 semper
945 301 1047 336 trahit
1062 301 1208 339 serrum,
1218 312 1298 335 nam
1314 298 1335 334 si
1345 298 1501 335 alliorum
1518 298 1619 335 succo
1633 323 1644 339 ,
1659 309 1719 336 aut
1731 301 1818 336 hirci
1835 300 1998 350 sanguine

301 360 527 398 perungatur,
542 360 615 386 tota
632 348 704 395 ejus
713 350 820 385 virtus
834 350 1045 389 retunditur,
1062 361 1175 396 neque
1191 349 1318 383 ferrum
1328 348 1493 396 deinceps
1508 347 1621 384 allicit.
1672 349 1758 384 ltem
1777 349 1797 384 si
1808 347 1905 396 juxta
1916 362 1998 385 eum

301 399 621 445 ponaturAdamas,
631 398 750 433 desinit
763 397 891 432 ferrum
907 399 1058 437 trahere,
1074 397 1182 444 inquit
1195 395 1404 444 Augustinus
1415 396 1473 432 lib.
1487 407 1532 434 21.
1543 396 1634 431 civit.
1649 409 1723 443 c.4.
1772 397 2000 445 Respondeo‚

305 448 340 481 id
355 446 426 480 fieri
441 458 501 494 per
515 447 675 482 accidens
696 459 705 480 :
728 446 823 492 quod
840 445 1032 493 antipathiae
1054 444 1314 480 adscribendum
1337 455 1507 491 putamus.
1557 444 1728 491 Qamvis
1748 457 1852 494 neget
1866 446 2002 482 'Carda-

303 505 603 578 ssus}magnetem
616 494 773 541 impediri
788 492 882 541 posse
897 494 952 530 vel
967 495 1010 529 ab
1022 494 1217 529 Adamante
1231 516 1242 533 ,
1258 492 1311 529 vel
1332 494 1373 528 ab
1390 492 1468 528 allio
1483 492 1518 528 ὅ(
1538 493 1641 540 caepis
1653 515 1666 533 ,
1684 494 1768 541 quin
1787 496 1919 543 semper
1937 504 2002 529 tra-

331 552 363 578 at
392 555 517 581 etrum.

403 599 584 635 Secundus
599 596 742 633 effeetus
755 598 925 646 magnetis
939 598 986 633 est
1001 621 1013 638 ,
1035 599 1131 646 quod
1147 598 1274 633 ferrum
1289 598 1330 632 ab
1346 597 1416 633 hoc
1428 598 1540 645 lapide
1552 596 1733 633 attrafiffim
1744 599 1836 634 vires
1850 597 2006 645 accipiat,

305 647 521 694 retineatque
535 646 645 693 longo
660 645 767 681 traeiu
785 649 827 681 ad
841 648 1049 682 trahendum
1065 646 1405 684 aliudserrum,ade0
1420 655 1458 681 ut
1466 646 1933 693 annulorumnonnunquam
1951 657 2005 681 ca-

307 707 386 731 tena
404 695 569 743 spectetur
582 716 594 734 ,
613 694 709 741 quod
723 694 847 729 merito
864 694 994 742 suspicit
1008 694 1230 742 praelaudatus
1246 695 1290 730 D.
1303 693 1510 742 Augustinus
1526 694 1684 740 inquiens
1699 707 1708 729 :
1736 696 1811 741 quis
1826 694 1919 729 istam
1934 695 2005 728 vim

307 744 428 791 lapidis
450 755 520 777 non
537 742 702 789 stuperet,
716 754 790 789 quae
806 742 850 777 illi
864 754 937 777 non
956 742 1065 778 solum
1081 743 1190 778 inerat
1202 766 1212 784 ‚
1234 753 1355 779 verum
1372 742 1473 777 etiam
1489 753 1550 790 per
1558 751 1613 777 tot
1626 741 1774 790 suspensa
1788 741 2008 782 transibat,&

307 791 524 829 invisibilibus
538 789 727 825 eavinculis
743 790 936 838 subligabat.

405 846 542 881 Tertius
558 844 699 881 effeetus
715 845 778 885 est,
791 848 886 893 quod
903 859 984 882 acus
1000 846 1166 895 magnetis
1181 847 1295 882 attritu
1312 847 1438 881 extersa
1450 869 1461 887 ,
1483 846 1750 894 septentrionem
1766 848 1896 896 semper
1909 845 2009 893 respi-

311 895 396 940 ciat3
410 894 444 929 ὃ(
460 894 517 929 ubi
533 894 616 929 hinc
631 894 712 928 inde
726 895 759 928 in
776 895 963 942 aequilibrio
980 895 1180 941 conquievit
1193 918 1204 935 ,
1223 895 1342 943 polum
1357 893 1521 930 ariiicum
1544 896 1794 932 commonstret
1807 919 1818 937 ,
1840 906 1878 931 ut
1892 896 2009 931 videre

312 942 359 979 est
375 944 407 977 in
419 943 542 990 pyxide
552 942 703 982 nautica,
718 942 751 977 ὅ(
770 944 803 977 in
814 943 937 978 solariis
953 943 1242 990 minutis,quibus
1252 945 1293 977 ad
1302 943 1417 977 Solem
1429 943 1529 978 horas
1537 944 1766 991 exploramus.
1815 937 2010 989 H'hjusmo-

313 992 347 1026 di
362 1002 476 1026 autem
495 990 669 1026 inclinatio
686 1000 782 1025 tanto
800 1001 916 1026 tamen
933 992 1048 1026 minor
1063 991 1126 1030 est,
1141 1001 1271 1038 quanto
1287 992 1529 1039 propiorterrae
1545 991 1670 1027 tradus
1680 992 1917 1040 estaequatori,
1929 1001 2011 1026 nam

313 1041 371 1075 sub
385 1049 560 1086 aequatore
573 1038 724 1086 persefte
732 1039 855 1086 perstat
864 1040 899 1074 in
914 1039 1102 1086 aequilibrio
1112 1051 1264 1088 magnes.
1316 1039 1529 1074 Hinc‘etiam
1547 1041 1796 1088 deprehensum
1811 1039 1878 1075 esse
1893 1040 1912 1074 a
1927 1050 2011 1073 nau—

311 1089 366 1127 tis,
376 1088 550 1134 cuspidem
560 1087 692 1134 pyxidis
702 1087 843 1123 nauticae
854 1088 1055 1135 quibusdam
1067 1088 1098 1122 in
1109 1087 1192 1122 locis
1202 1087 1363 1123 arffiiicum
1379 1087 1469 1122 reeta
1482 1088 1646 1135 aspicere,
1660 1090 1745 1123 utin
1761 1090 1867 1127 freto,
1882 1098 1953 1135 quo
1970 1088 2013 1122 ab

311 1137 511 1183 AEthiopico
527 1136 611 1170 mari
621 1136 662 1170 ad
674 1147 766 1170 mare
776 1135 930 1170 Australe
945 1136 1026 1170 novi
1036 1136 1127 1171 orbis
1135 1146 1342 1183 penetratur,
1351 1136 1517 1171 alibivero
1529 1148 1591 1183 pro
1600 1137 1759 1172 locorum
1769 1136 2014 1185 &Regionum

312 1184 501 1267 diveidsitate
510 1181 582 1266 jan?
592 1186 633 1218 ad
650 1183 808 1219 sinisiram
818 1207 827 1224 ,
837 1182 909 1231 jam
919 1186 960 1219 ad
972 1185 1125 1219 dextram
1142 1184 1207 1220 sive
1225 1185 1407 1219 Orientem
1422 1183 1457 1220 &
1469 1185 1692 1220 occidentem
1701 1185 1882 1234 vergere&
1896 1185 2014 1219 alinea

306 1233 392 1269 meri
422 1233 495 1267 iana
503 1235 567 1267 dec
583 1232 684 1269 inare.
1675 1240 1677 1242 ¹

406 1299 560 1346 Quartus
575 1298 718 1335 effeetus
737 1296 800 1339 est,
815 1299 908 1346 quod
920 1310 1007 1334 unus
1017 1299 1179 1345 idemque
1194 1309 1335 1346 magnes
1350 1309 1417 1332 una
1427 1308 1468 1332 ex
1482 1304 1579 1345 parte
1592 1298 1662 1333 vim
1674 1298 1777 1333 habet
1789 1295 2015 1334 convertendi

311 1346 472 1390 penfilem
483 1359 688 1383 mueronem
700 1359 779 1382 acus
794 1348 906 1382 versus
916 1347 1194 1395 Septentrionem
1203 1369 1213 1385 ,
1224 1358 1265 1381 ex
1274 1347 1376 1381 altera
1384 1348 1533 1380 eundem
1544 1348 1655 1380 versus
1666 1346 1784 1393 polum
1791 1345 2023 1381 antareiicum

312 1394 483 1443 dirigendi
497 1408 508 1440 3
523 1397 651 1431 etenim
663 1397 696 1430 in
709 1408 779 1430 uno
790 1408 931 1443 quoque
942 1405 1101 1444 magnete
1116 1394 1261 1430 existunt
1270 1394 1358 1442 poli,
1375 1393 1427 1428 seu
1442 1394 1731 1441 purietaquzrdam
1746 1404 1937 1441 certa,quae
1946 1392 2015 1427 sua—

312 1452 370 1489 pte
387 1454 503 1478 natura
514 1446 555 1478 ad
570 1444 671 1492 polos
687 1445 808 1479 mundi
819 1467 828 1484 ,
846 1444 866 1479 si
880 1455 1022 1492 magnes
1038 1443 1271 1490 suspendatur,
1288 1451 1556 1487 convertuntur3
1572 1443 1661 1478 inter
1675 1442 1751 1478 illos
1766 1453 1849 1478 veto
1858 1440 2017 1490 polosin-

311 1489 584 1540 telligiturdufita
597 1492 706 1532 linea,
722 1504 796 1539 quae
814 1492 861 1527 ess
870 1492 938 1527 axis
949 1493 1116 1540 magnetis
1132 1491 1341 1538 respondens
1356 1491 1409 1525 axi
1423 1491 1551 1525 mundi.

388 1548 564 1631 -bQintus
579 1547 721 1584 effe&us
736 1548 800 1588 est,
815 1548 912 1595 quod
925 1548 1031 1583 virtus
1047 1547 1221 1583 attraetiva
1235 1547 1315 1582 terri
1330 1544 1440 1593 major
1453 1546 1489 1583 in
1502 1544 1609 1594 polis,
1623 1557 1726 1592 quam
1741 1545 1777 1580 in
1790 1543 1929 1590 reliquis
1944 1540 2018 1590 ejus

311 1605 396 1644 parti
424 1608 473 1631 us.
1470 1613 1478 1621 ›

410 1663 532 1698 Sextus
547 1661 689 1697 effestus
707 1661 769 1700 est,
783 1662 878 1709 quod
894 1661 914 1696 si
928 1671 1082 1697 ramenta
1097 1662 1173 1696 serti
1189 1659 1428 1702 minutislima,
1444 1661 1552 1709 qualis
1568 1661 1614 1697 est
1627 1661 1738 1709 pulvis
1746 1660 2020 1709 scriptoriusma-

314 1711 460 1745 beantur
476 1710 510 1745 in
530 1711 664 1749 charta,
681 1710 736 1744 cui
753 1710 962 1757 supponatur
976 1722 1138 1758 magne53
1151 1721 1303 1745 ramenta
1319 1710 1372 1744 illa
1389 1721 1449 1757 per
1465 1710 1569 1757 seipsa
1586 1711 1651 1745 sese
1666 1710 1863 1757 disponant,
1879 1709 1913 1744 ὅ(
1928 1710 2019 1744 ordi-

315 1768 402 1793 nent
416 1759 452 1793 in
466 1758 614 1794 circulos
623 1781 633 1797 ,
650 1755 704 1792 seu
720 1758 755 1792 in
767 1757 938 1806 segmenta
949 1758 1157 1793 circulorum
1172 1758 1413 1793 concurrentia
1422 1758 1504 1793 hinc
1518 1759 1650 1793 indead
1659 1758 1760 1806 polos
1768 1757 1954 1806 magnetis,
1964 1757 2019 1792 seu

315 1807 358 1841 ad
367 1817 497 1854 partem
509 1806 709 1855 suppositam
719 1806 770 1840 his
785 1806 884 1853 polis.
936 1807 1045 1851 Quod
1059 1806 1080 1841 si
1095 1816 1292 1854 magnetem
1309 1805 1417 1854 ipsum
1438 1806 1568 1853 pulveri
1583 1808 1695 1842 ferreo
1709 1809 1912 1844 admoveas,
1925 1806 2019 1840 vide-

316 1855 367 1890 bis
388 1856 562 1902 utrimque
583 1855 752 1903 magnetis
775 1854 857 1901 polo
875 1855 1023 1903 appendi
1038 1854 1143 1890 veluti
1160 1854 1313 1890 barbulas
1328 1855 1482 1902 plurimis
1502 1855 1664 1891 videlicet
1684 1865 1726 1889 ex
1738 1853 1910 1902 particulis
1933 1853 2020 1889 illius

315 1903 403 1940 veris
416 1903 472 1938 fibi
481 1904 634 1939 invicem
648 1905 690 1937 ad
699 1903 906 1938 haerentibus
916 1903 1045 1938 filatim.

417 1958 529 1993 Restat
543 1968 635 1992 nunc
645 1956 803 2006 indagare
816 1956 948 1992 causam
959 1957 1092 1993 virtutis
1101 1956 1319 2005 magneticae,
1336 1969 1438 2005 quam
1447 1955 1624 2003 explorare
1630 1956 1687 1990 vix
1703 1954 1774 1991 ullo
1785 1954 1950 1991 haetenus
1960 1954 2022 1989 hu-

314 2001 424 2043 'mano
446 2006 585 2054 ingenio
598 2005 701 2041 licuit.
757 2006 861 2041 Unde
876 2007 971 2052 quod
988 2006 1115 2052 capita,
1133 2008 1264 2040 totlere
1278 2005 1354 2041 sunt
1372 2005 1552 2040 sententiae.
1602 2004 1862 2052 Nuganturilli,
1879 2003 1938 2050 qni
1952 2003 2022 2037 ani-

319 2066 452 2092 matum
463 2063 660 2103 magnetem
676 2051 741 2087 esse
752 2054 958 2099 voluerunt3
973 2055 1161 2088 animatum
1173 2054 1268 2088 enim
1286 2053 1349 2094 est,
1359 2054 1454 2100 quod
1464 2052 1604 2099 seipsum
1613 2062 1754 2096 movet3
1766 2064 1837 2088 non
1846 2052 1940 2099 quod
1947 2062 2023 2100 mo·

318 2114 378 2139 vet
392 2103 494 2138 aliud.
545 2100 682 2136 Volunt
695 2100 766 2142 alii,
784 2103 912 2137 ferrum
929 2101 946 2136 ὰ
956 2114 1114 2150 magnete
1128 2102 1215 2136 trahi
1230 2112 1391 2149 tanquam
1407 2103 1424 2136 a
1441 2100 1511 2135 fine
1523 2122 1534 2140 ,
1549 2111 1622 2135 non
1637 2101 1825 2148 tanquama
1839 2100 1936 2135 causa
1950 2097 2021 2134 effi-

321 2154 451 2190 ciente,
469 2162 587 2185 verum
605 2159 726 2185 contra
736 2150 797 2189 est,
813 2160 850 2185 ut
864 2150 988 2184 merito
1000 2152 1154 2185 observat
1165 2152 1196 2184 S.
1206 2150 1361 2185 Thomas
1368 2160 1401 2195 7,
1413 2148 1508 2192 Phys
1518 2158 1613 2183 textu
1628 2160 1678 2183 10.
1688 2150 1783 2195 quod
1797 2147 2023 2184 causalitatem

320 2200 398 2236 finis
410 2199 499 2234 nulla
510 2200 669 2233 locorum
684 2198 905 2246 intercapedo
927 2199 1079 2233 inhibeat
1093 2211 1104 2243 3
1125 2199 1252 2233 ferrum
1269 2208 1384 2233 autem
1400 2209 1471 2232 non
1487 2197 1639 2232 trahatur
1648 2200 1690 2230 ad
1701 2196 1888 2243 quamlibet
1903 2194 2025 2230 distan-

322 2250 416 2284 tiam.
435 2244 631 2283 Libavluslz'b.
642 2257 664 2281 1.
674 2244 820 2281 debitum.
829 2260 853 2280 c.
863 2260 900 2284 12,
918 2246 1159 2281 bituminosam
1177 2247 1211 2280 in
1225 2256 1386 2294 magnete
1400 2256 1555 2281 naturam
1564 2244 1694 2285 statuit,
1708 2247 1750 2279 ad
1760 2243 2021 2293 singularitatem

323 2297 504 2333 cumserro
520 2293 690 2329 redactam
708 2294 925 2330 similitudine
942 2294 1200 2341 conspirationis
1217 2317 1226 2333 ,
1243 2294 1456 2342 misluraeque
1470 2316 1480 2334 ,
1496 2305 1562 2340 qua
1578 2295 1699 2328 eadem
1714 2292 1875 2340 principia
1891 2292 1926 2326 in
1934 2291 2026 2327 ferro

324 2344 540 2381 coaluerunt.
591 2341 655 2386 Est,
671 2343 782 2381 addit,
796 2344 907 2386 ferreus
914 2343 1032 2389 spiritns
1046 2343 1286 2387 bz'ttatmzhofitsqm
1300 2347 1462 2376 communis
1473 2341 1563 2388 utriq}
1575 2364 1585 2380 ,
1599 2341 1647 2381 [bd
1664 2355 1721 2374 mn
1733 2341 1822 2388 effluit
1843 2344 2027 2377 continenter,

324 2393 415 2440 rttmq'³
431 2391 525 2425 valide
538 2390 550 2423 ὲ
555 2392 659 2435 ferro,
664 2392 742 2435 ficut
750 2390 770 2424 ε’
779 2401 907 2439 magnete
919 2401 1030 2437 propter
1044 2391 1188 2435 diversam
1197 2392 1420 2438 coagulationem
1430 2391 1483 2434 seu
1495 2388 1729 2434 commtstt'onem,
1793 2388 1863 2424 Alii
1883 2386 2027 2423 occultoe

325 2442 411 2476 istud
422 2442 576 2476 tribuunt
590 2439 710 2473 formae
724 2452 732 2473 ε
748 2438 1082 2474 nonnulli'mutuum
1099 2450 1213 2473 rerum
1229 2438 1432 2473 naturalium
1447 2437 1606 2473 adferunt
1619 2435 1832 2473 consensum.
1883 2437 1925 2471 Et
1937 2435 1976 2470 hi
1989 2445 2026 2469 0-

325 2500 425 2525 mnes
440 2489 602 2523 videntur
615 2498 792 2522 recurrere
803 2489 846 2523 ad
855 2488 1089 2535 Sympathiam
1106 2487 1183 2522 ferri
1198 2486 1232 2522 &
1242 2487 1409 2534 magnetis
1417 2498 1489 2521 non
1498 2485 1782 2533 improbabiliter,
1798 2484 1892 2520 unde
1899 2483 1937 2519 fit

425 2551 613 2587 Conclusio
629 2551 737 2590 tertia,
787 2551 975 2587 Verisimile
985 2551 1047 2591 est,
1066 2551 1191 2586 ferrum
1207 2552 1319 2585 trahia
1338 2548 1887 2598 magnetepropterSympathiam
1905 2547 1941 2583 ὅ(
1956 2545 2028 2582 sub-

327 2599 453 2634 stantiae
464 2599 737 2644 fimilitudinemg
752 2609 920 2648 cognatus
929 2600 1021 2635 enim
1036 2600 1082 2635 est
1095 2599 1176 2646 lapis
1192 2597 1385 2634 duriffimus
1401 2598 1539 2633 metallo
1549 2594 1724 2632 durissimo
1735 2619 1746 2636 ·,
1759 2596 1884 2632 &illud
1893 2596 1934 2630 ad
1944 2594 2028 2630 sera·

328 2649 395 2695 pit,
412 2647 493 2682 ficut
508 2648 608 2682 etiam
620 2647 791 2683 succinum
807 2670 816 2686 ,
834 2648 1021 2695 Lychnites
1038 2647 1228 2683 &Adamas
1244 2647 1384 2682 trahunt
1398 2646 1508 2694 paleas
1526 2658 1537 2690 ς
1551 2644 1762 2692 chrysocolla
1776 2644 1879 2679 trahit
1891 2654 2030 2682 aurum,

329 2706 511 2743 argentum
529 2697 646 2731 vivum
662 2695 733 2730 auri
748 2696 926 2743 particulas
941 2719 950 2735 2
968 2696 1183 2743 epithymum
1199 2705 1304 2729 atram
1323 2694 1426 2730 bilem
1440 2717 1450 2734 ,
1466 2695 1636 2742 agaricum
1654 2693 1809 2739 pituitam
1823 2701 1947 2728 evocat
1961 2703 1974 2736 3
1988 2690 2030 2726 sic

329 2745 528 2792 Sympathia
545 2744 608 2783 est,
625 2744 835 2790 quaeferrum
844 2744 947 2779 trahit
955 2747 997 2779 ad
1007 2753 1216 2792 magnetem.
1267 2742 1464 2778 Substantiae
1479 2743 1570 2777 enim
1589 2741 1806 2776 similitudine
1821 2749 2032 2787 unaquaeque

329 2804 383 2827 res
397 2792 546 2828 creditur
560 2792 694 2826 trahere
710 2792 886 2839 proprium
896 2792 1108 2827 alimentum.
1160 2791 1265 2826 Unde
1274 2794 1353 2827 cum
1362 2792 1489 2825 serrum
1499 2790 1536 2824 fit
1545 2790 1712 2837 magnetis
1722 2787 1810 2835 quasi
1818 2787 2032 2825 alimentum,

331 2840 415 2875 illud
431 2841 471 2875 ab
488 2842 558 2875 hoc
575 2840 773 2884 attrahitur3
785 2841 820 2875 in
830 2841 907 2875 serri
923 2841 1016 2874 enim
1029 2841 1147 2879 scobe,
1163 2849 1202 2874 ut
1217 2838 1346 2874 dietum
1362 2838 1424 2878 est,
1438 2848 1580 2886 magnes
1594 2837 1726 2884 optime
1735 2836 1900 2876 servatur,
1917 2833 2033 2870 imo&

332 2889 449 2927 alitur,
466 2901 542 2924 nam
558 2888 741 2935 repositus,
758 2888 864 2924 transtu
882 2889 1047 2936 temporis
1063 2887 1135 2934 ejus
1150 2887 1265 2935 portio
1281 2885 1456 2934 absumpta
1471 2885 1714 2923 observabitur.
1771 2884 1854 2920 Hoc
1867 2892 1983 2918 tamen
1996 2881 2031 2920 in

331 2936 443 2971 latiori
457 2937 550 2971 sensu
566 2936 824 2983 accipiendum,
840 2938 1013 2971 nonenim
1028 2948 1148 2971 verum
1165 2935 1212 2970 est
1226 2934 1298 2982 ejus
1314 2935 1494 2982 pabulum,
1511 2934 1676 2981 quoniam
1698 2944 1778 2968 cum
1799 2944 1854 2967 ma
1881 2941 1941 2966 nes
1958 2942 2030 2966 non

331 2986 434 3022 vivat,
442 2986 655 3031 paritervero
666 2985 785 3019 nutriri
797 2986 926 3033 nequit.
977 2985 1042 3019 Sed
1053 2985 1351 3031 quemadmodum
1363 2983 1534 3018 elementa
1543 2990 1728 3016 moventur
1735 2981 1776 3015 ad
1791 2979 1846 3015 sua
1871 2989 2029 3019 oca,tan-

334 3044 436 3079 quam
445 3033 484 3066 ad
496 3031 600 3067 linem
610 3031 644 3067 <Sc
655 3031 903 3079 perfeffionem
914 3045 925 3078 3
938 3032 982 3068 ita
992 3043 1132 3081 magnes
1141 3054 1152 3073 ,
1171 3032 1250 3080 quia
1266 3031 1414 3068 servatur
1428 3029 1680 3070 scobibusferri,
1695 3028 1807 3076 iisque
1813 3026 2030 3065 velutinutrs

334 3089 405 3120 tur,
422 3082 462 3115 ad
478 3082 607 3116 terrum
622 3090 795 3119 movetur.

1900 3161 2027 3216 Verum
2078 3179 2085 3183 ·
