2087 3610
606 228 1169 304 Philolophico-Politica.
1674 253 1754 309 155

0 327 16 351 ι’
46 313 229 356 eminentia
236 314 392 363 quaedam
405 313 566 363 repagula
577 314 766 351 detinentia
775 316 860 355 mel,
871 327 915 351 ne
932 316 1085 356 decidat,
1094 313 1231 351 onustas
1246 313 1330 351 vero
1346 313 1389 349 ad
1402 312 1543 350 alvearia
1556 318 1704 363 proedam
1719 331 1752 354 a-

47 367 210 417 sportare,
226 364 282 399 ubi
300 363 482 398 inveniunt
499 374 616 411 parvas
633 366 797 411 quasdam
811 364 975 411 apiculas,
996 375 1140 412 quarum
1156 374 1283 399 munus
1301 362 1366 402 est,
1382 374 1570 398 exonerare
1579 376 1757 411 portantes

46 412 355 455 mel,&deindead
363 411 510 458 praedam
521 412 707 447 remittere.
757 414 843 448 Non
854 423 945 461 nego
955 423 1070 448 tamen
1081 412 1167 452 ,mel
1175 412 1290 448 calore
1298 422 1420 459 apum,
1434 412 1518 445 dum
1534 413 1564 446 ei
1580 413 1757 454 incubant,

46 461 267 512 aliquomodo
276 460 407 494 alterari
423 459 458 494 ὅ(
472 459 607 506 perfici,
625 460 706 495 ficut
719 461 841 509 gallina
855 460 979 495 fovens
997 459 1128 507 per-ficit
1144 472 1271 500 ovum,
1282 460 1317 495 ὅ(
1335 459 1486 494 excludit
1499 458 1643 506 pullum.
1662 462 1759 498 Hine

46 510 199 549 vicesima
215 506 270 542 die
279 507 345 543 mel
363 508 570 546 concrescit,
583 509 738 556 moxque
752 509 939 544 obducitur
955 509 1051 543 tenui
1064 511 1263 544 membrana
1279 507 1424 543 fervoris
1436 507 1533 554 ipsius
1551 507 1678 555 spuma.

138 554 324 593 Conclufio
343 555 500 591 secunda.
550 556 754 592 Verolimile
771 558 907 592 videtur
921 556 999 596 effe,
1012 556 1163 592 melnon
1177 555 1243 592 effe
1256 557 1443 592 humorem
1457 556 1612 591 roridum
1630 568 1650 591 e
1663 557 1758 592 coelo

50 607 230 644 deciduum
240 627 250 643 ,
267 604 324 639 scd
339 605 455 651 potius
467 605 605 640 succum
618 603 755 643 florum.
804 605 906 640 Ratio
917 604 964 639 est
976 605 1108 653 primo,
1122 606 1200 652 quia
1209 615 1289 652 apes
1305 603 1474 652 colligunt
1492 603 1593 640 mella
1609 615 1651 640 ex
1665 604 1760 640 flori·

50 657 112 692 bus
127 665 196 690 non
205 651 313 687 solum
326 654 460 688 summo
470 664 590 692 mane,
604 655 684 688 curn
697 654 824 688 humor
833 653 984 689 roscidus
994 653 1138 693 decidit,
1158 653 1324 688 sedetiam
1343 653 1498 688 fervente
1502 650 1576 698 jam
1591 653 1761 694 die,ct1m

49 703 124 742 Sol,
139 699 280 749 ejusque
289 700 382 736 calor
391 701 527 748 penitus
535 713 650 736 rorem
660 701 848 737 exsiccavit.
900 701 1064 737 Secundo
1074 704 1168 749 Apes
1184 701 1390 749 plerumque
1405 702 1580 737 attrahunt
1593 701 1696 736 mella
1717 711 1761 737 ex

48 750 184 788 floribus
198 758 323 784 terram
340 749 616 796 respicientibus,
631 761 746 796 neque
757 761 800 785 ex
815 748 938 797 patulis
950 750 1193 797 hiantibusque
1208 749 1313 785 fidera
1326 748 1461 793 versu53
1476 749 1531 783 [ed
1539 748 1692 784 roscidus
1702 750 1761 785 hic

45 800 172 836 humor
181 796 376 833 coelestisab
385 797 583 837 his,&n0n
593 799 633 832 ab
645 797 706 832 illis
722 798 908 846 excipitur,
921 809 1017 846 ergo.
1065 797 1187 833 Tertio
1204 809 1247 832 ex
1264 796 1427 845 qualitate
1444 796 1570 833 florum
1586 797 1622 833 ὅ(
1637 798 1762 833 herba-

44 858 121 884 tum
135 844 363 894 qualificatur,
383 845 452 881 mel
462 846 556 881 enim
566 857 608 881 ex
615 847 739 893 thymo
748 847 873 881 dicitur
888 847 1059 893 optimum
1072 868 1082 885 ,
1099 857 1141 881 ex
1150 846 1317 881 absmthio
1327 857 1482 880 amarum
1491 868 1501 885 ,
1513 846 1531 880 e
1541 846 1632 893 spico
1645 846 1764 881 odori-

47 895 174 934 ferum,
191 904 274 942 ergo
289 894 310 929 fi
336 905 421 929 num
437 893 504 934 est,
519 894 587 929 mel
596 893 662 929 esse
672 895 811 930 succum
820 892 945 929 florum
957 894 991 930 ὃ(
1001 895 1196 933 herbarum.
1247 894 1396 930 Accedit
1405 893 1580 929 coelestem
1590 893 1685 929 illum
1697 896 1761 930 hu·

48 953 180 981 morem
194 953 268 978 non
279 941 313 977 so
328 953 388 977 um
398 942 495 990 super
502 941 616 982 flores,
628 942 682 978 led
692 943 794 978 etiam
805 942 901 990 super
912 943 1053 977 frondes
1069 943 1202 978 cadere.
1229 943 1270 978 Et
1277 952 1396 977 tamen
1405 953 1485 990 apes
1494 953 1566 977 non
1577 942 1634 977 nisi
1645 954 1686 978 ex
1696 941 1760 977 flo-

45 991 151 1031 ribus,
166 989 327 1038 &neque
341 991 380 1025 iis
394 991 559 1026 omnibus
574 990 675 1026 mella
689 990 868 1039 colligunt.
919 990 1044 1026 Paritas
1062 991 1166 1026 etiam
1181 990 1230 1026 est
1243 991 1460 1030 aSaccharo,
1476 991 1600 1038 quode
1616 992 1718 1026 certis
1727 1002 1760 1027 a·

45 1039 247 1076 rundinibus
264 1039 500 1088 sugitur,erg0
516 1039 619 1074 etiam
638 1039 705 1074 mel
720 1040 739 1074 e
753 1040 856 1074 certis
875 1037 1033 1078 floribus,
1049 1039 1122 1074 imo
1137 1038 1270 1074 constat
1285 1038 1494 1086 experientia
1509 1061 1518 1079 ,
1533 1039 1630 1086 quod
1645 1039 1667 1074 fi
1684 1040 1762 1087 thy-

36 1099 157 1125 mum,
175 1086 211 1123 ὅς
225 1086 310 1122 alios
325 1097 440 1122 certos
455 1086 559 1122 flores
573 1087 695 1122 leviter
709 1088 783 1135 quis
799 1086 937 1136 exsugat
953 1110 964 1125 ,
981 1087 1140 1125 melleam
1157 1087 1379 1123 dulcedinem
1398 1086 1588 1135 degustare.

138 1134 462 1172 ConclufioTertia.
513 1135 725 1172 Probabilius
740 1146 857 1171 tamen
873 1136 943 1175 est,
963 1135 1032 1171 mel
1053 1134 1119 1172 effe
1138 1136 1327 1183 humorem
1348 1135 1520 1171 roscidum
1534 1157 1545 1175 ,
1563 1135 1599 1173 ὅ(
1622 1135 1763 1172 succum

43 1183 249 1234 praedulcern
264 1184 285 1219 ἐ
300 1183 393 1219 coelo
408 1184 609 1223 deciduum,
619 1184 752 1223 herbis,
762 1184 863 1224 foliis,
873 1183 1085 1231 floribusque
1094 1185 1342 1224 adhaerentem,
1393 1184 1498 1219 [Inde
1509 1183 1592 1219 nihil
1602 1182 1757 1225 aliudest,

38 1275 39 1278 Ἰ
69 1233 146 1268 uam
162 1231 326 1267 terrestris
336 1232 506 1267 exhalatio
526 1244 590 1280 aqu
597 1244 639 1267 eo
649 1233 814 1280 permixta
829 1233 965 1280 vapori,
982 1232 1148 1280 simulque
1163 1236 1368 1268 sermentata
1380 1232 1415 1267 in
1430 1231 1548 1267 infima
1557 1232 1638 1267 aeris
1646 1232 1762 1280 regio-

43 1280 98 1319 δε.
148 1279 249 1315 Ratio
266 1280 313 1315 est
326 1302 336 1319 ,
353 1281 432 1327 quia
446 1283 587 1328 quando
602 1281 786 1316 humidum
801 1292 950 1328 aqueum
968 1292 1041 1316 non
1055 1280 1204 1316 multum
1221 1279 1410 1316 dissolvitur
1425 1303 1436 1320 ,
1455 1280 1636 1328 praedulcis
1651 1280 1764 1329 gigni·

43 1339 98 1366 tur
113 1327 248 1368 succus,
265 1329 308 1364 ita
317 1340 400 1364 vero
421 1330 455 1363 in
465 1329 618 1376 praesenti
635 1329 824 1377 contingit,
841 1340 937 1378 ergo.
990 1330 1085 1364 Hinc
1099 1328 1302 1376 hujusmodi
1318 1329 1454 1377 liquore
1472 1328 1528 1364 sub
1538 1329 1647 1377 prima
1661 1340 1764 1366 auro-

43 1388 78 1415 ra
89 1376 168 1412 folia
184 1379 347 1412 arborum
366 1377 497 1412 roscida
512 1378 753 1413 inveniuntur:
768 1379 895 1412 eodem
912 1377 1093 1425 pei-undas
1111 1378 1219 1414 vestes
1236 1377 1271 1413 ἀ
1287 1388 1495 1413 concretum
1510 1376 1670 1425 capillum
1691 1376 1764 1412 sen-

45 1424 344 1472 tiuntaliquando,
359 1425 417 1474 qui
434 1424 540 1461 n06ru
551 1427 608 1461 sub
625 1427 681 1461 diu
691 1428 843 1463 fuerunt.
895 1425 1370 1461 ConfirmaturAuthfflitate
1378 1425 1568 1461 Aristotelis
1580 1424 1762 1463 dumlibro

44 1475 123 1520 §.de
137 1472 212 1509 hist.
222 1474 359 1509 animal.
368 1486 397 1509 c.
407 1487 458 1511 22.
469 1475 585 1514 docet,
597 1475 774 1521 inquiens:
789 1476 904 1521 itaque
913 1485 992 1521 apes
1001 1474 1200 1510 construere
1208 1475 1305 1509 favos
1315 1474 1334 1509 e
1354 1472 1513 1514 floribus,
1531 1485 1644 1508 ceram
1659 1484 1701 1508 ex
1712 1485 1763 1508 ar-

43 1523 166 1559 borum
182 1522 355 1570 lachryma
370 1521 552 1571 effingere,
570 1523 670 1557 mella
686 1533 728 1557 ex
743 1534 821 1558 rore
836 1523 920 1557 a'c'ris
937 1522 1111 1571 colligere.
1160 1522 1438 1561 AdditAElianus,
1448 1523 1483 1556 in
1499 1521 1617 1556 Media
1637 1521 1758 1556 stillare

45 1570 113 1608 mel
127 1581 170 1605 ex
181 1572 379 1609 arboribus,
395 1570 430 1606 ἀ
443 1572 479 1606 in
489 1571 586 1606 India
595 1593 606 1610 ,
623 1571 773 1605 maxime
788 1571 823 1605 in
832 1571 974 1619 regione
983 1570 1173 1606 Prasiorum
1182 1593 1193 1611 ,
1209 1570 1342 1618 liquido
1355 1570 1458 1606 melle
1467 1569 1585 1618 pluere
1595 1592 1605 1610 ,
1620 1572 1717 1617 quod
1726 1570 1764 1605 in

45 1618 181 1658 herbas,
194 1630 234 1654 ac
242 1618 439 1666 palustrium
453 1620 662 1654 arundinum
681 1630 801 1654 comas
817 1620 1000 1660 decidens,
1018 1619 1137 1667 pecori
1151 1619 1296 1656 mirifice
1313 1628 1448 1668 gratum
1464 1618 1523 1655 est.

140 1667 197 1702 Ad
210 1677 455 1718 argumentum
469 1668 620 1716 primum
637 1667 889 1702 incontrarium
899 1690 909 1707 ,
929 1666 1174 1716 respondetur,
1189 1667 1278 1702 male
1293 1666 1564 1715 supponiSolem
1584 1664 1694 1714 eJusq3
1708 1677 1764 1702 ca-

46 1713 152 1752 lorem
163 1725 278 1752 totum
289 1716 427 1763 penitus
441 1727 557 1751 rorem
573 1714 744 1756 exsicasse,
753 1715 862 1751 solum
879 1715 971 1754 enim
981 1715 1193 1752 exsiccarunt
1201 1715 1312 1756 illum,
1322 1715 1470 1763 quiforis
1479 1717 1678 1763 apparebat,
1687 1725 1763 1749 non

45 1774 158 1800 autem
168 1763 344 1812 ,quiintus
360 1765 394 1799 in
405 1763 546 1800 floribus
560 1764 659 1804 latet,
673 1764 923 1800 aliteromnino
935 1764 1028 1804 sicci,
1045 1764 1082 1800 ὅ(
1096 1764 1203 1800 veluti
1219 1764 1370 1801 emortui
1384 1763 1491 1799 essent
1507 1762 1610 1798 flores
1624 1785 1634 1804 ,
1648 1761 1764 1810 sicq'ue

46 1812 140 1849 huuc
153 1823 289 1853 rorem,
301 1813 360 1860 qui
375 1813 574 1852 intuslatet,
589 1813 714 1862 sugunt
728 1823 808 1860 apes
820 1835 830 1853 ,
847 1813 988 1860 quando
998 1811 1071 1858 jam
1091 1812 1248 1850 fervescit
1263 1813 1348 1850 dies.
1398 1813 1456 1848 Ad
1471 1812 1662 1848 secundum
1677 1811 1766 1846 dici-

46 1869 117 1902 tur,
129 1862 171 1897 ab
187 1862 352 1896 omnibus
371 1860 531 1902 floribus,
547 1871 621 1896 tum
637 1860 817 1909 pendulis,
831 1871 905 1896 tum
916 1862 1040 1908 patulis
1050 1862 1124 1896 cxci
1152 1861 1226 1901 i,&
1239 1861 1405 1909 colligiab
1415 1860 1533 1908 apibus
1547 1861 1644 1896 hunc
1659 1858 1763 1895 rosci-

47 1910 128 1946 dum
143 1909 180 1945 &
195 1909 371 1945 coelestem
382 1911 566 1944 humorem
576 1910 709 1957 3potius
717 1919 832 1944 tamen
843 1909 940 1944 illum
950 1921 991 1944 cx
1007 1873 1165 1956 pendulis
1174 1909 1308 1956 colligi,
1323 1909 1571 1957 quiamagisibi
1581 1910 1764 1943 conserva-

47 1966 118 1998 tur,
132 1958 269 2006 fugiens
291 1959 332 1993 ab
357 1958 500 1993 inimico
521 1958 647 1996 calore.
697 1957 921 1992 AdTertium
943 1958 1067 1993 dicitur
1079 1980 1088 1996 ,
1107 1969 1182 1992 eam
1199 1948 1308 1993 mellis
1324 1957 1552 1994 diversitatem
1567 1967 1641 1991 nou
1655 1967 1697 1992 ex
1713 1955 1765 1991 di-

45 2004 331 2042 versitateflorum
342 2029 352 2045 ,
369 2006 425 2040 sed
440 2006 699 2041 exhalationum
715 2005 946 2053 &vaporum,
964 2007 1140 2053 exquibus
1154 2004 1192 2040 fit
1205 2017 1262 2040 ros
1278 2006 1334 2041 ille
1348 2005 1495 2046 coelestis
1505 2027 1515 2045 ,
1530 2004 1667 2054 colligi3
1681 2004 1764 2040 licet

46 2053 283 2095 exdiverfitate
299 2053 426 2089 florum
440 2054 626 2101 aliquando
638 2055 789 2097 bonum,
807 2054 841 2089 ὅ(
852 2054 1037 2102 aliquando
1047 2066 1200 2091 amarum
1219 2054 1274 2094 sit,
1291 2054 1328 2089 id
1340 2054 1560 2089 enimevenit
1568 2054 1614 2088 ob
1633 2053 1763 2100 aliquas

28 2100 169 2138 -florum
183 2102 362 2150 qualitates
378 2103 448 2138 rori
466 2104 652 2142 admixtas,
663 2102 682 2139 a
695 2103 820 2150 quibus
836 2103 938 2138 ctiam
955 2102 1066 2150 potest
1081 2102 1135 2137 illa
1149 2102 1259 2138 mellis
1276 2102 1447 2138 diverfitas
1460 2102 1656 2150 provenire.
1706 2100 1765 2137 Ad

47 2161 203 2199 quartum
213 2161 368 2199 negatur,
377 2152 474 2199 quod
482 2162 561 2197 apes
570 2151 705 2186 nonnisi
716 2162 757 2186 ex
766 2149 907 2186 floribus
923 2150 1024 2191 mella
1032 2150 1197 2199 colligant
1205 2173 1214 2190 ,
1228 2150 1311 2186 licet
1324 2161 1448 2186 verum
1456 2150 1493 2185 iit
1501 2161 1539 2185 ea
1546 2146 1765 2198 potiffimum

47 2197 126 2234 inde
136 2198 204 2249 sugi
221 2210 230 2244 ;
246 2202 327 2235 cum
344 2200 452 2249 magis
466 2200 511 2235 ibi
528 2200 751 2236 conservetur
767 2199 915 2236 coelestis
931 2200 1077 2238 humor,
1094 2197 1217 2247 utpote
1231 2199 1328 2246 quod
1343 2197 1445 2234 flores
1459 2198 1522 2234 lint
1535 2210 1590 2233 ma
1618 2199 1644 2232 is
1660 2197 1762 2245 spon-

47 2247 137 2296 gioii,
146 2250 247 2296 quam
258 2248 461 2293 frondes3&
472 2248 492 2283 si
502 2248 609 2298 magis
617 2249 653 2283 in
663 2248 856 2296 unis,quam
865 2248 900 2283 in
909 2247 980 2282 aliis
988 2246 1130 2283 floribus
1140 2247 1240 2282 mella
1249 2247 1329 2283 colli
1357 2246 1601 2295 unt,est,quiaa
1614 2247 1685 2294 iqui
1695 2245 1760 2281 flo-

48 2306 99 2332 res
107 2298 152 2332 ob
161 2296 287 2344 aliquas
298 2297 368 2332 suas
377 2296 555 2344 qualitates
563 2308 678 2332 rorem
689 2295 797 2344 ipsum
806 2297 915 2343 magis
925 2296 1070 2344 infipidu
1078 2297 1282 2335 reddunr,ab
1291 2295 1323 2344 ip
1339 2306 1435 2344 isque
1442 2295 1550 2345 magis
1557 2304 1762 2330 avertuntur

49 2355 136 2392 apos.
170 2343 296 2380 Paritas
305 2345 482 2393 desumpta
491 2346 508 2380 a
517 2346 687 2380 Saccharo
697 2344 781 2380 nihil
792 2344 989 2385 concludit,
1009 2345 1088 2392 quia
1097 2356 1170 2379 non
1184 2343 1232 2379 est
1241 2341 1397 2391 ejusdem
1406 2353 1535 2380 naturae
1550 2355 1631 2379 curn
1646 2342 1763 2383 melle,

49 2403 113 2428 nec
128 2394 256 2428 eaedem
266 2394 416 2428 rationes
426 2393 573 2429 militant
581 2405 643 2441 pro
654 2393 724 2429 illo.
774 2395 829 2429 Ad
845 2393 945 2432 illud,
964 2395 1061 2440 quod
1073 2393 1229 2434 additur,
1243 2391 1486 2441 respondetur,
1502 2403 1545 2428 ex
1560 2392 1632 2428 hoc
1650 2390 1760 2426 solum

51 2441 180 2489 probari
188 2442 223 2477 in
238 2441 424 2489 Thymo&
441 2442 602 2478 similibus
612 2440 755 2479 floribus
771 2441 946 2478 contineri
959 2441 1046 2481 mel,
1064 2452 1262 2477 nontamen
1278 2463 1289 2482 ,
1303 2442 1401 2490 quod
1410 2440 1494 2476 illud
1503 2451 1546 2476 ex
1560 2438 1592 2476 se
1601 2441 1762 2479 habeant.

53 2487 165 2524 &non
179 2489 318 2526 aliunde
333 2489 618 2538 suscipiant3ci2m
633 2500 751 2526 tamen
768 2487 895 2538 poffint
904 2488 988 2525 illud
997 2490 1179 2525 continere
1195 2489 1335 2525 aliunde
1348 2489 1539 2537 susceptum
1548 2488 1615 2525 sive
1630 2488 1650 2523 ἐ
1666 2487 1761 2524 coelo

53 2535 127 2585 ipso·
137 2536 299 2587 elapsum,
316 2538 351 2574 ὃ(
368 2539 411 2574 sic
426 2538 590 2587 suscipere
605 2539 752 2574 dicimus
760 2550 875 2574 rorem
885 2537 982 2573 illum
997 2536 1191 2579 coelestem,
1208 2549 1314 2586 quem
1329 2538 1525 2574 continent.

145 2585 193 2622 Ex
207 2587 259 2622 his
277 2587 437 2636 colliges,
453 2588 629 2623 materiam
647 2587 757 2622 mellis
766 2586 831 2622 effe
843 2587 965 2634 partim
975 2586 1168 2622 terrestrem
1182 2586 1435 2624 exhalationem
1445 2585 1480 2621 ὅ(
1489 2596 1653 2634 vaporem
1663 2585 1698 2620 in
1706 2595 1762 2619 ro-

52 2642 122 2671 tem
132 2644 354 2680 concretum3
366 2636 487 2683 partim
501 2633 690 2683 purissimas
700 2634 826 2671 florum
843 2634 1094 2675 exhalationes,
1107 2635 1127 2670 ἐ
1136 2635 1260 2682 quibus
1268 2635 1439 2683 praecipua
1447 2633 1494 2670 est
1503 2634 1654 2670 dulcedo
1663 2656 1672 2674 ,
1681 2633 1763 2668 ideo

54 2681 143 2717 enim
150 2694 229 2730 apes
245 2684 365 2719 herbas
380 2683 530 2733 eligunt,
539 2684 618 2732 quia
627 2695 698 2719 non
708 2695 832 2719 omnes
841 2682 1007 2731 aequalern
1016 2682 1108 2718 melli
1119 2684 1238 2718 dotem
1249 2682 1452 2722 offundunt,
1461 2682 1600 2730 licque&
1608 2681 1762 2721 floribus,

55 2729 172 2812 puibus
186 2730 419 2779 suntjucundi
434 2733 582 2779 spiritus,
596 2730 851 2779 cujusmodiest
860 2733 1017 2778 thymus,
1027 2731 1096 2766 mel
1110 2728 1375 2767 laudatissimum
1390 2731 1523 2779 prodit,
1544 2731 1667 2778 quibus
1687 2728 1763 2766 shut

89 2777 408 2827 iritusinjuncundi,
423 2792 578 2816 amarum
593 2782 662 2816 exit
675 2780 761 2820 mel,
780 2780 863 2816 ficut
878 2780 912 2814 in
923 2779 1235 2815 Sardiniaamarum
1251 2779 1374 2816 dicitur
1391 2778 1457 2815 effe
1469 2802 1480 2820 ,
1496 2780 1575 2827 quia
1590 2789 1632 2814 ex
1644 2777 1763 2824 absyn-

94 2825 126 2862 ὀ
136 2826 261 2877 legitur
271 2841 283 2873 ς
298 2828 333 2864 ὄι
349 2829 384 2863 ἰη
394 2828 564 2864 Heraclea
576 2838 788 2864 venenatum
800 2851 811 2868 ,
826 2828 905 2876 quia
914 2827 1038 2877 legitur
1047 2839 1089 2863 ex
1097 2828 1251 2863 aconito.

65 2914 69 2918 ,
146 2876 335 2912 Conclusio
351 2887 480 2924 quarta.
532 2877 707 2913 Dividitur
722 2877 834 2913 melin
843 2886 910 2912 tres
927 2876 1072 2924 specics:
1087 2876 1179 2912 aliud
1189 2876 1315 2912 dicitur
1323 2876 1525 2915 anthinum,
1540 2873 1763 2922 seuvernum,

52 2923 172 3005 Ἑὸόέ
188 2925 304 2972 primis
319 2923 460 2960 floribus
476 2925 672 2974 colligitur3
693 2925 785 2960 aliud
801 2925 978 2964 horaeum,
995 2924 1049 2960 seu
1064 2923 1234 2965 aestivum,
1249 2926 1345 2972 quod
1361 2925 1504 2959 ardente
1518 2923 1606 2958 Sirio
1620 2920 1763 2972 legitur,

67 3011 70 3013 Α
105 2970 191 3008 aliud
205 2973 363 3008 ericaeum
373 2996 382 3012 ,
399 2975 454 3008 {eu
464 2973 683 3013 autumnale,
696 2972 901 3008 florescente
912 2971 1036 3014 sciliCet
1051 2973 1158 3013 crica,
1173 2973 1210 3009 ὅ(
1224 2972 1437 3009 estomnium
1448 2968 1641 3019 peffimum.
1689 2970 1764 3007 Mel

55 3027 210 3102 fftetea
223 3020 314 3056 aliud
333 3020 379 3056 est
394 3022 548 3057 nativum
562 3044 573 3061 ,
588 3022 679 3057 aliud
694 3021 872 3057 (afilitium.
922 3020 1090 3057 Nativum
1105 3021 1198 3057 aliud
1215 3020 1444 3057 domesticum
1460 3042 1470 3058 ,
1484 3019 1574 3055 aliud
1596 3018 1762 3067 sylvestre.

100 3065 130 3102 el
144 3067 306 3115 laudatius
321 3071 557 3105 communiter
571 3071 604 3104 in
623 3070 823 3118 regionibus
832 3070 940 3117 magis
956 3069 1074 3105 calidis
1089 3069 1264 3118 colligitur
1276 3091 1286 3109 ,
1307 3068 1386 3115 quia
1400 3068 1521 3103 melius
1537 3068 1763 3115 excoquitur;

57 3112 112 3149 (ed
127 3115 247 3152 dicitur
257 3127 375 3152 tamen
395 3117 478 3152 illud
494 3119 528 3152 in
540 3114 653 3154 Ruffia
666 3118 755 3154 nasci
770 3117 957 3165 optimum.
1007 3117 1156 3166 Copiam
1167 3117 1336 3165 praecipue
1345 3116 1571 3153 Lithuania&
1581 3115 1763 3152 Moscovia

56 3160 193 3207 habent.
243 3165 282 3201 ln
291 3164 525 3216 Troglodytiae
534 3176 646 3215 parte,
654 3177 730 3215 quae
748 3165 873 3202 dicitur
887 3165 1051 3216 Belgada,
1060 3165 1129 3205 mel
1138 3165 1326 3202 candidum
1334 3166 1434 3207 adeo,
1443 3175 1482 3201 ut
1490 3176 1536 3202 ne
1544 3165 1678 3202 nivibus
1683 3163 1761 3247 ἒυί-

982 3215 1015 3250 U
1038 3225 1059 3251 2
1708 3222 1765 3247 em
