2087 3610
300 238 358 275 10
971 217 1337 292 Meteorologia

295 305 410 342 mium
418 302 525 352 frigus
539 300 733 339 adversatur
740 310 870 337 naturae
879 302 981 342 aeris,
1006 310 1131 349 utpote
1140 301 1256 336 calidae
1265 324 1275 342 ,
1293 313 1399 350 quare
1417 302 1538 350 nequit
1545 302 1681 338 tantum
1698 302 1834 352 frigoris
1845 303 2015 351 perpetuo

299 353 443 389 servare.
492 351 659 391 Accedit,
673 351 770 398 quod
778 349 900 385 aerille
911 350 1049 398 gravior
1063 348 1145 383 esset
1167 349 1302 391 nostr0,
1318 362 1390 398 quo
1407 363 1472 385 nos
1486 351 1650 391 fruimur,
1668 353 1750 387 cum
1768 351 1874 400 frigus
1888 352 2017 387 adden·

298 402 406 437 sando
416 400 619 449 gravitatem
629 400 788 438 inducat,
814 409 857 433 ex
865 409 936 446 quo
954 397 1152 445 sequeretur
1166 421 1176 437 ,
1203 399 1299 446 quod
1312 396 1440 434 affidufi
1450 399 1678 435 alternatione
1693 399 1875 435 [oblideret
1888 411 1929 435 ea
1942 411 2018 448 pars

302 450 390 485 aeris
397 450 457 485 suo
468 449 626 496 pondere
636 470 646 487 ,
659 447 695 483 <Sc
705 447 780 482 haec
788 447 944 481 certatim
952 446 1261 493 ascenderet,quod
1270 447 1453 482 absurdum
1462 447 1520 485 est.
1544 450 1601 484 Ad
1610 450 1685 483 htec
1692 448 1865 496 rcsponlio
1876 447 1941 488 est,
1959 448 2017 484 etsi

299 504 360 534 a’er
367 498 489 533 naturai
498 497 554 532 sua
563 496 599 532 fit
608 495 737 531 calidus
744 517 755 535 ,
779 495 814 528 in
823 495 937 529 media
943 503 1061 529 tamen
1071 494 1216 541 regione
1224 507 1298 530 non
1309 505 1341 529 ta
1347 496 1446 530 nt'um
1456 495 1578 530 caloris
1593 495 1818 545 possidere,ut
1836 496 2017 544 impediat,

295 546 385 583 nese
397 545 565 581 halitusin
580 543 685 579 nativi
693 543 828 590 frigoris
839 542 963 577 statum
972 542 1171 582 vindicent,
1186 542 1368 590 praesertim
1379 566 1389 582 ,
1405 544 1487 578 cum
1503 555 1649 592 vapores
1665 544 1917 592 aliquantulum
1932 545 2016 580 crai-

296 596 401 631 fiores
410 594 489 634 lint,
514 593 551 629 ὅ(
560 592 616 628 sua
624 588 769 628 craffitie
776 590 862 626 aeris
870 589 1044 626 affionem
1052 591 1229 626 retardent
1242 604 1254 636 3
1281 591 1374 627 Cum
1392 592 1475 626 item
1491 603 1532 627 ex
1548 593 1579 627 le
1588 593 1618 641 pl
1625 605 1664 628 us
1681 594 1816 642 frigoris
1823 593 2016 640 requirant,

293 644 400 691 quam
409 648 466 678 a'er
475 641 617 685 caloris;
642 640 808 687 siquidem
818 638 893 674 funt
901 650 1019 686 aqueae
1035 649 1163 673 naturae
1177 662 1187 678 ,
1215 640 1271 674 cui
1290 640 1465 674 summum
1481 640 1586 689 frigus
1601 642 1747 676 debetur
1763 654 1775 685 3
1799 653 1872 689 quo
1889 640 1927 676 fit
1941 663 1952 681 ,
1976 650 2016 677 ut

288 689 404 739 major
417 690 455 726 fit
463 688 646 725 efficacitas
655 688 775 722 formae
783 698 952 734 vaporum
961 688 1003 722 ad
1012 688 1217 735 pariendum
1227 687 1261 722 in
1271 688 1344 736 ipiis
1355 688 1574 736 frigiditatem
1583 700 1643 736 per
1652 689 1841 724 naturalem
1852 689 2016 725 emanati-

293 751 422 779 onem,
448 739 553 785 quam
561 736 648 772 aeris
656 736 699 770 ad
709 735 983 771 calefaciendum
993 758 1003 775 ,
1019 734 1224 784 fluxumque
1240 735 1335 771 illum
1346 737 1448 772 nativi
1458 737 1593 786 frigoris
1603 738 1844 775 inhibendum.
1853 737 2016 773 Similiter

292 789 338 825 ad
346 787 537 823 secundum
545 784 790 832 respondetur,
809 784 891 819 cum
902 784 1079 831 quidpiam
1091 785 1136 819 itn
1148 784 1195 819 est
1211 794 1334 820 contra
1341 786 1506 832 privatam
1517 786 1618 820 unius
1627 787 1673 820 rei
1683 796 1858 826 naturam,
1884 795 1923 821 ut
1930 785 2014 821 alio-

292 837 380 885 quin
387 831 971 879 consentaneurnmeceffarinmque
979 833 1016 867 iit
1024 842 1151 867 naturae
1161 833 1350 872 universali,
1374 833 1439 868 five
1449 833 1563 868 ordini
1577 846 1617 869 ac
1631 833 1837 881 pei-leeiioni
1850 834 2016 874 universi,

291 895 366 933 quo
375 882 477 932 paeto
492 881 525 916 se
533 882 637 916 habet
644 880 813 929 frigiditas
829 881 872 915 ad
880 885 996 916 a'e'rem
1005 881 1128 916 rnediae
1138 881 1302 930 regionis,
1313 882 1348 916 id
1359 891 1566 928 perpetuum
1576 881 1641 916 esse
1648 881 1742 930 posse
1752 895 1763 927 ;
1772 893 1839 918 nec
1848 882 2014 918 Aristote-

287 934 361 969 lem
369 933 414 966 de
422 928 668 977 hujuscemodi
677 928 835 965 violento
847 928 990 978 intelligi
999 930 1138 964 debere.
1190 930 1343 964 Demum
1360 930 1439 965 licet
1449 935 1505 965 aer
1514 930 1635 965 mediae
1645 931 1796 979 regionis
1806 940 1948 979 propter
1957 932 2013 966 fri-

285 992 352 1030 gus
360 979 489 1027 aliquid
497 979 680 1014 contrahat
687 977 861 1026 gravitatis
877 990 888 1022 3
912 978 1108 1026 graviorem
1123 987 1243 1013 tamen
1261 977 1417 1014 infimam
1426 976 1500 1025 ejus
1511 977 1577 1014 effe
1590 979 1743 1027 plagam,
1760 980 1804 1014 eo
1820 980 1916 1026 quod
1925 979 2013 1015 mul-

288 1039 367 1066 tum
376 1029 501 1064 habeat
510 1026 748 1062 concretionis
761 1035 892 1064 terreae,

387 1075 543 1124 Colliges
551 1097 562 1115 ,
587 1074 745 1122 quamvis
759 1073 892 1110 dietum
909 1072 947 1109 fit
955 1097 965 1113 ,
981 1072 1096 1109 sedem
1110 1075 1285 1122 propriam
1301 1074 1547 1110 Meteororum
1565 1072 1631 1110 effe
1646 1074 1679 1108 in
1693 1075 1800 1110 tribus
1816 1073 1909 1110 hisce
1928 1074 2016 1110 a'erIs

289 1124 494 1174 regionibus
505 1147 515 1165 ,
525 1123 688 1159 credibile
696 1132 813 1158 tamen
822 1121 905 1163 esse,
931 1123 1003 1158 dari
1011 1123 1114 1157 etiam
1121 1134 1139 1171 q
1146 1123 1286 1158 uasdam
1297 1124 1503 1158 meteoricas
1513 1122 1688 1170 impreslic
1694 1134 1754 1158 nes
1763 1123 1901 1171 proprie
1910 1122 2015 1158 dictas

292 1174 394 1221 super
404 1184 548 1208 omnem
557 1177 672 1207 a'e‘rem
680 1194 691 1212 ,
706 1172 794 1206 intra
803 1170 985 1219 ipsiimque
993 1171 1123 1207 coelum
1133 1171 1299 1220 generari.
1349 1171 1532 1207 Testantur
1554 1172 1589 1206 id
1600 1170 1801 1206 Astronomi
1809 1194 1819 1212 ,
1837 1171 1894 1219 qui
1903 1171 2014 1206 faten-

296 1231 372 1262 tur,
384 1221 553 1258 cometas
564 1220 660 1268 supra
671 1220 853 1256 Venerem
863 1218 899 1255 ὅ(
907 1219 1044 1255 Lunam
1053 1218 1249 1268 apparuisse.
1275 1220 1316 1255 Et
1326 1220 1401 1267 quis
1413 1220 1563 1255 maculas
1572 1219 1607 1255 ὃ(
1615 1220 1743 1256 faculas
1751 1220 1840 1257 Solis
1847 1221 1867 1255 e
1877 1219 2014 1256 Meteo-

297 1271 344 1309 ris
360 1269 540 1307 excludat?
565 1280 612 1305 eae
620 1279 739 1304 tamen
748 1268 784 1303 in
793 1266 863 1316 ipso
872 1267 954 1303 Sole
963 1267 1048 1309 sunt,
1057 1268 1355 1316 utalibidicemuS.
2002 1280 2006 1283 ·

590 1338 1179 1407 CONCLUSIO
1222 1337 1629 1404 POLITIC
1645 1343 1717 1406 A.

664 1431 961 1503 Politicus
969 1456 1087 1528 per
1099 1428 1327 1525 gradus
1347 1429 1637 1500 ascendat.

1105 1540 1120 1572 ᾖ
1132 1538 1164 1574 3
1338 1570 1344 1571 t
