2087 3610
626 214 968 287 Philosophico
980 246 998 252 -
1007 210 1212 264 Politica.
1706 205 1763 257 61

40 319 132 345 mam
142 307 227 343 aeris
235 305 413 356 regionem
422 300 576 337 evehens
585 321 595 339 ‚
610 309 686 335 tum
695 297 754 334 Sol
764 296 942 332 materiam
953 300 1201 341 congregatnm
1222 287 1431 325 accendens.
1457 285 1546 320 Sunt
1562 282 1664 319 etiam
1676 282 1766 319 inter

39 358 106 393 hos
117 366 261 391 cometa:
271 377 282 394 ‚
295 351 379 389 teste
394 349 430 385 P.
448 349 595 388 Cabaeo,
610 348 670 395 qui
682 346 755 382 solo
766 344 903 393 aspe&u
912 342 1017 383 Solis,
1034 349 1093 376 aut
1102 338 1240 374 alterius
1252 336 1328 372 astri
1347 333 1584 370 illuminantur
1598 353 1609 371 ‚
1632 342 1699 367 nec
1714 342 1768 366 ar-

41 407 137 441 deno

138 450 290 498 Colliges
299 447 402 483 tertio
412 456 454 481 ex
462 443 613 479 Hevelio
620 463 630 482 ι,
639 442 786 478 unicum
794 439 912 475 Solem
924 435 1048 486 quovis
1056 443 1218 483 tempore
1225 440 1363 468 tantum
1371 428 1523 465 materiae
1532 426 1569 462 ὅ(
1582 426 1768 463 exhalatio·

41 511 127 538 num
138 508 300 535 evomere
310 493 402 544 posse
410 516 419 533 ‚
439 502 477 528 ut
486 504 528 527 ex
536 492 590 527 illa
599 490 740 526 materia
750 499 821 524 uno
831 499 925 523 anno
937 484 1132 533 ejesta‚130.
1140 478 1289 530 amplius
1298 479 1382 516 tales
1403 486 1552 514 cometae
1561 498 1572 515 ,
1591 474 1700 522 qualis
1710 487 1770 510 an-

41 560 91 585 no
100 549 191 594 1664.
199 545 294 584 luxit,
304 541 524 592 progenerari
534 537 672 588 pollint.
724 537 830 573 unde
847 536 931 583 quid
962 535 1008 568 de
1022 532 1153 569 caeteris
1168 528 1314 579 planetis
1332 526 1523 562 dicendum
1542 523 1579 559 sit
1587 545 1598 563 ‚
1609 521 1772 570 judican-

42 599 127 632 dum
138 594 307 641 relinquit.
358 591 525 626 Pmterea
533 601 605 624 non
614 588 751 623 tantum
761 596 835 621 non
843 581 1050 619 miraculum
1059 579 1126 616 effe
1137 580 1221 615 dicit
1230 601 1241 618 ,
1256 577 1354 625 quod
1365 585 1420 611 tot
1429 581 1577 610 cometae
1588 582 1660 607 uno
1671 570 1772 606 liecu-

43 645 79 681 lo
88 645 272 692 prodeant,
292 640 345 675 led
358 638 473 687 potius
482 660 491 677 ‚
507 637 604 685 quod
614 645 684 672 tam
695 634 795 683 pauci
808 655 819 673 2
843 632 926 667 cum
950 629 1009 665 Sol
1020 637 1152 665 tantam
1165 626 1316 663 materiae
1327 623 1466 671 copiam
1477 632 1551 657 uno
1563 631 1658 655 anno
1669 616 1774 666 poffit

44 694 180 740 ejicere.
228 688 464 734 Punicumque,
473 685 602 721 multos
621 693 775 719 cometas
784 680 867 717 velzi
878 679 979 715 nobis
990 678 1097 726 longe
1105 685 1281 714 remotos,
1304 672 1360 708 vel
1375 681 1500 719 parvos
1515 668 1618 704 nobis
1634 666 1701 703 esse
1726 667 1778 702 in-

42 739 246 788 conspicuos
255 750 266 782 3
275 737 354 772 ideo
367 736 450 770 vero
459 744 530 769 tam
540 732 615 769 raro
625 741 798 780 apparere,
806 741 825 778 q
833 729 904 764 uod
914 736 1064 764 cometae
1082 736 1124 760 ex
1134 722 1272 759 diversis
1284 720 1430 770 planetis
1441 716 1622 767 profluens
1631 715 1775 751 materia

43 800 117 824 non
127 785 223 823 ficii&
234 786 266 820 in
277 796 380 820 unam
394 780 530 818 massam
540 782 636 817 coire
645 776 733 829 poffi
736 789 767 820 t,
782 789 864 814 cum
873 787 950 812 raro
961 783 1102 811 cometa
1112 784 1155 808 ex
1163 772 1266 808 unius
1282 769 1429 818 planctae
1452 766 1595 803 materia
1606 764 1773 802 nascatur.

43 837 175 872 Verum
183 834 219 870 ὅ(
228 833 282 869 alii
289 843 409 881 graves
425 832 602 867 Authores
610 827 770 868 censent,
785 826 900 875 plures
909 833 1068 860 cometas
1077 821 1162 869 [πρὸ
1172 822 1207 856 in
1218 818 1313 856 coelo
1322 817 1475 856 existere,
1487 815 1592 863 quiim
1602 824 1642 849 ut
1649 822 1776 849 omnes

45 884 170 921 anobis
177 882 448 930 conspiciantur3
467 879 539 914 imo
550 880 584 914 in
597 877 711 924 eclipsi
722 875 810 911 Solis
819 872 918 910 totali
927 872 1012 908 tales
1020 872 1129 919 prope
1140 869 1260 905 Solem
1282 866 1484 903 observatos
1501 861 1578 900 effe.

138 930 290 979 Colliges
298 938 440 978 quarto:
470 927 626 963 Maculas
636 926 776 965 solares,
786 935 829 960 ex
839 922 964 970 quibus
973 932 1049 956 non
1061 917 1135 954 fieti
1144 926 1301 954 cometas
1312 914 1500 950 docuimus
1508 935 1518 952 ,
1537 910 1623 946 nihil
1644 907 1710 945 effe
1720 908 1778 944 ali·

46 982 105 1019 ud,
115 980 214 1029 quim
222 980 351 1014 umbrae
360 977 520 1024 quaedam
530 976 674 1012 minutae
682 985 766 1013 cum
773 973 852 1009 luce
860 971 904 1006 ad
915 968 1017 1006 instar
1023 968 1205 1004 fumorum
1214 989 1225 1007 ,
1245 964 1305 1013 qui
1314 964 1333 1000 ἐι
1343 960 1520 1012 superficie
1537 958 1626 996 Solis
1634 956 1781 995 bullien-

47 1029 132 1065 tisin
148 1028 273 1063 aethera
287 1024 483 1074 ejiciuntur.

343 1121 932 1195 CONCLUSIO
992 1114 1486 1187 POLITICA.

467 1229 683 1300 Virtus
717 1220 1007 1321 oppreffa
1046 1220 1341 1314 resurget.

829 1371 942 1393 N.2a.

290 1333 354 1366 20.

1522 2968 1626 3004 ὗε]-
1671 2969 1674 2972 ’

127 3055 130 3059 ,
159 3027 316 3110 Οῗὶω-εο,
325 3029 653 3084 Flaviil-Ieraclionae
667 3022 876 3087 Symbolum
891 3040 1006 3086 ξοραες
1025 3033 1260 3085 Μαξίρνὺπῲίι·
1271 3032 1368 3066 malus
1380 3032 1585 3082 exftus3quin
1593 3033 1779 3082 aliquando

159 3077 463 3162 ῧὲηῑὲἑῖἓιίιὶὼιίῗ
472 3080 613 3147 phaeous
623 3079 1043 3136 alam-or5poffl1n11uum
1054 3081 1228 3128 alpeClum
1240 3081 1403 3117 minantis
1412 3092 1560 3135 cometa:
1568 3105 1579 3122 ‚
1587 3082 1777 3138 meliorfifi·

391 3135 438 3162 ut.
466 3129 488 3162 d
496 3127 656 3164 testatum
663 3132 746 3166 lacit
754 3132 790 3165 iu
796 3126 999 3165 ncstiffimus
1008 3130 1063 3166 ille
1074 3130 1561 3175 lcxccntarumadverlitatum
1567 3130 1782 3175 tabellarius,-

1050 3179 1086 3213 H
1112 3190 1126 3225 3
1724 3179 1785 3227 qui
