2087 3610
606 221 1159 294 Philosophica-Pohnca„
1676 228 1738 291 17

31 308 158 346 Lucem,
171 316 204 340 ut
215 307 337 354 prcfinu
360 306 481 353 scopae
495 304 566 341 caeli
576 303 667 347 sunt,
682 316 758 353 quae
771 316 886 341 aerem
899 315 1066 354 purgant:
1090 302 1445 340 terrani'fircundant:
1461 296 1639 341 elevantur
1653 329 1664 347 ,
1687 317 1728 343 ut

34 365 102 390 nos
111 354 303 400 sublevent3
318 356 353 390 in
363 353 511 390 nostram
520 354 714 403 conspirant
721 354 914 390 utilitatem.
964 355 1012 389 Ex
1021 353 1109 389 caelo
1124 352 1230 392 disce,
1246 353 1431 401 quomodo
1445 351 1579 394 luceas,
1595 364 1633 400 ut
1648 365 1727 402 pro-

33 401 84 440 fis.
134 404 228 453 Quid
239 402 417 441 Diviniust'
441 404 534 437 Audi
545 403 737 439 Romanam
754 402 989 450 eloquentiam
1003 413 1066 450 pro
1083 401 1133 437 M.
1150 400 1318 437 Marcello
1335 400 1539 448 loquentem
1554 415 1563 437 :
1587 405 1731 449 Homines
1745 403 1807 434 C.·'ce
1866 429 1867 432 ,

32 452 113 484 ualli
121 464 151 486 re
155 457 267 499 propius
275 451 415 485 accedunt
426 451 468 484 ad
480 453 537 484 DE
540 453 618 486 HM
627 475 638 492 ‚
653 452 868 497 quamſsvlutem
880 449 1044 484 hominibus
1059 449 1167 485 dando.
1217 449 1330 484 Prima
1347 448 1496 502 subsellia
1519 450 1664 486 honoris
1681 459 1730 487 te·
1742 452 1803 482 Ars..-

33 509 136 540 nere,
153 499 206 535 vel
214 499 344 535 utsidus
352 510 526 535 terrenum
537 499 682 548 fulgere,
699 499 882 533 imminere
896 499 1063 546 capitibus
1078 498 1292 552 reliquorum
1307 520 1318 537 ,
1344 496 1554 544 distarejura
1569 497 1604 534 &
1617 497 1732 553 ieges,
1747 500 1887 535 Marcei..

33 547 212 596 Sceptrum
221 547 315 583 simul
323 559 362 583 ac
370 548 479 594 virgas
487 546 781 583 tenereiamosum
797 547 860 582 est:
875 557 909 582 at
923 547 1116 586 fumosum,
1131 547 1151 581 si
1169 557 1242 581 non
1260 558 1294 580 in
1310 556 1538 581 communem
1553 546 1735 583 utilitatem
1817 596 1826 604 α

33 595 228 644 impendas,
246 606 284 631 ut
291 607 349 631 aut
356 586 479 644 purges
488 598 505 631 a
514 597 652 632 fitcibus
659 595 825 643 rempubl.
834 605 892 630 aut
900 605 1078 644 purgatam
1089 596 1122 629 in
1134 593 1219 629 flore
1228 593 1421 629 conserves.
1444 593 1601 629 Laudem
1609 597 1728 644 Augu·
1747 595 1847 652 Smin
1856 595 1900 627 O·-

34 643 73 678 sti
91 644 226 680 Caesaris
239 655 280 679 ex
290 644 442 679 Comico
461 644 567 679 Poeta
577 643 861 693 perciperelibeat
875 655 883 677 :
910 644 1071 677 Pulchrum
1086 648 1212 677 eminere
1225 641 1260 687 est
1275 648 1350 676 inter
1364 643 1487 676 illustres
1501 649 1589 680 w'ros,
1636 647 1684 677 δίε
1698 646 1732 677 il-
1747 641 1855 675 flavia.

33 693 59 726 le
69 697 163 739 patria:
176 695 293 726 Prirmts
306 694 457 740 Augustus
465 695 587 733 Parem,
608 690 898 746 complexusaffraest
912 714 922 733 ‚
936 693 1038 726 colitur
1045 693 1081 728 ὠ
1093 694 1201 738 templis
1216 694 1320 728 DEus.
1370 691 1469 739 Quid
1485 691 1528 726 de
1547 691 1678 727 Pericle
1687 693 1736 747 cii-
1753 689 1865 749 AElfasa.
1880 690 1901 728 Ι,

34 751 111 776 cam
136 740 193 775 illo
213 740 444 776 Fulminatore
465 740 774 788 eloquentiffimo}
798 740 998 788 Tantopere
1012 739 1088 774 suos
1098 740 1275 789 diligebat,
1285 738 1455 793 tant-oque
1476 740 1613 794 honore
1622 742 1735 788 prose-
1752 748 1785 774 4.
1806 736 1900 782 histor.

35 790 213 836 quebatur,
223 791 368 824 utverba
377 790 418 823 ad
429 789 596 836 populum
606 788 753 825 neturus
762 788 903 824 subinde
911 798 1046 836 optaret
1059 811 1069 827 ,
1102 798 1140 823 ut
1149 787 1283 823 nullum
1303 789 1359 822 sibi
1375 788 1520 822 verbum
1538 790 1713 842 excideret
1726 812 1736 829 ,

34 837 132 884 quod
140 837 273 872 utilitati
283 837 418 872 suorum
427 847 643 884 repugnaret.
694 837 791 886 Qid
802 838 846 872 de
853 837 1058 885 Vespafiano
1071 837 1310 871 Romanorum
1322 835 1514 891 Monarcha
1527 838 1639 871 dicam
1648 838 1664 874 ζ)
1681 843 1738 871 Per

36 894 130 918 utum
137 887 386 932 Imperit‘tempus,
401 886 446 920 ait
454 888 497 920 de
508 876 551 920 eo
561 886 777 933 Tranquillus
787 908 797 925 ,
811 885 989 919 m'ln'lhabm‘t
995 882 1159 932 anet'qf'u'its,
1176 884 1267 931 qusint
1278 896 1360 931 prope
1377 884 1514 930 afflfc'lsm
1529 895 1737 931 nutantemque
1752 890 1849 922 Tran-

36 931 432 980 Rempnblstabdireprimb,
445 933 547 967 deinde
561 947 675 971 ornare.
726 934 808 969 Hoc
818 934 980 982 equidem
991 933 1038 968 est
1047 930 1173 972 luc‘ere,
1183 933 1217 968 ὅ(
1227 930 1383 987 prodesse
1392 954 1402 972 ,
1421 932 1507 987 inid
1529 944 1638 968 unum
1654 945 1739 969 con·
1751 938 1830 985 quilL
1847 950 1872 975 c.
1879 946 1905 974 θ.

37 983 199 1021 tendere,
221 991 259 1016 ut
275 982 583 1029 Reipublbenefit.
634 982 845 1018 Monentem
865 981 938 1018 sisto
955 980 1180 1017 Laurentium
1197 982 1377 1016 Medicum
1393 1003 1403 1020 ,
1436 980 1518 1016 Filio
1539 980 1642 1017 Petro
1659 993 1740 1018 cum

34 1027 247 1076 Principatus
255 1030 393 1065 honore
402 1031 436 1064 id
446 1031 560 1065 oneris
570 1031 827 1078 imponentem:
854 1030 959 1067 Cives
971 1053 980 1070 ,
996 1031 1042 1065 mi
1062 1030 1179 1070 Perre,
1200 1028 1424 1065 successorem
1434 1038 1469 1064 te
1482 1040 1601 1064 meum
1616 1031 1740 1085 procul

35 1077 142 1113 dubio
149 1077 353 1126 agnoscent,
366 1089 479 1126 neque
486 1090 624 1119 vereor,
634 1089 752 1114 utnon
761 1080 882 1114 eadem
892 1079 1100 1114 authoritate
1111 1080 1246 1114 tuturus
1259 1078 1297 1113 fis
1313 1078 1348 1113 in
1363 1078 1494 1130 Repub.
1504 1078 1572 1132 qua
1589 1090 1653 1113 nos
1670 1079 1739 1127 ipsi.
1754 1071 1906 1131 Caefierffi

35 1125 104 1161 Sed
112 1126 277 1172 quoniam
286 1126 415 1162 Civitas
423 1127 537 1162 omnis
548 1138 673 1174 corpus
682 1126 730 1162 est
745 1127 935 1163 multorum
945 1127 1098 1175 capitum
1107 1147 1117 1167 ,
1136 1136 1318 1162 memento
1329 1127 1365 1160 in
1381 1128 1554 1172 ejusmodi
1573 1128 1742 1183 uarietati-
1754 1120 1844 1162 fi’vm·
1854 1133 1885 1152 m

33 1173 97 1209 bus
114 1185 168 1208 ma
195 1174 219 1209 is
229 1174 437 1210 unversitatis
451 1175 694 1211 &communis
705 1177 790 1211 boni
802 1177 974 1212 rationem
982 1177 1119 1213 habere.
1170 1174 1224 1210 Est
1239 1175 1403 1209 nimirum
1417 1174 1611 1210 conformis
1627 1175 1739 1212 Ferdi-
1755 1169 1871 1206 Annal,

33 1222 140 1257 nandi
149 1222 161 1257 Ι
180 1250 189 1261 .
197 1223 335 1259 monito
345 1224 390 1259 ad
398 1223 617 1259 consiliarios
633 1236 643 1257 τ
665 1224 702 1260 Id
707 1223 953 1270 unumstatuant‚
967 1223 1044 1271 quiid
1051 1222 1179 1272 Reqmbl.
1190 1222 1261 1258 bono
1269 1223 1390 1258 cederet.
1758 1218 1829 1257 Ital.

408 1393 1219 1486 DISSERTATIO
1285 1400 1369 1483 IL

363 1499 470 1564 De
492 1499 852 1569 Meteorico
874 1505 1172 1593 Corpore
1191 1501 1413 1595 ignito,

121 1592 303 1636 Uoniam
316 1595 500 1637 Meteora
512 1598 644 1652 ignita
660 1629 671 1649 ,
693 1599 896 1653 seuutalii
915 1611 1071 1643 vocant
1094 1598 1382 1657 impressiones
1404 1597 1563 1659 ignitae,
1586 1602 1747 1650 ‘'cae'teris

38 1599 564 1702 Qomnibusillustriora
572 1654 682 1708 sunt,
696 1655 1048 1714 meritoeaprimo
1069 1659 1181 1710 loco,
1205 1672 1251 1701 ac
1266 1658 1316 1700 de
1344 1658 1409 1702 his
1425 1665 1550 1704 etiarn
1571 1667 1686 1720 prius
1699 1669 1746 1707 in

37 1713 256 1751 communi
262 1709 543 1766 pertraaanda
557 1711 830 1770 suscepimus..
871 1717 1026 1772 Magna
1034 1730 1181 1759 eorum
1189 1717 1522 1771 existitvarietas‚
1539 1726 1747 1778 praecipua

36 1775 178 1807 tamen
195 1766 280 1808 haec
288 1762 416 1809 ferme
430 1768 696 1818 recensentur}
753 1774 894 1814 Primo
907 1772 1097 1826 flamma,
1113 1788 1243 1831 caprae
1252 1775 1448 1828 saltantes,
1470 1778 1620 1830 lancea,
1629 1779 1744 1833 (vde-

39 1822 346 1876 radiscurentia,
354 1825 471 1867 stellae
481 1825 684 1880 cadentes,
692 1831 1182 1887 ignisperpendicularis,
1203 1836 1312 1889 ignis
1327 1832 1463 1876 fatuus
1479 1867 1489 1886 ,
1514 1839 1624 1892 ignis
1642 1837 1744 1879 lam·-

39 1879 152 1932 bens,
160 1880 283 1924 draco
292 1882 454 1935 volans,
475 1884 619 1926 Castor
634 1887 838 1930 &Pollux
851 1919 863 1940 ‚
889 1889 1058 1932 Helena.
1114 1886 1301 1933 Secundo
1316 1890 1481 1948 fulgura
1497 1896 1537 1936 &
1558 1893 1748 1943 fulmina,

38 1934 187 1981 Tertio
216 1941 414 1982 Cometae.
825 1943 829 1946 ’
1149 1963 1152 1965 >

146 1997 373 2040 Divisimus
393 1993 519 2055 porro
542 2003 759 2043 materiam
776 2000 883 2046 hanc
905 1996 959 2046 ob
973 2005 1086 2046 suam
1111 1998 1432 2062 amplitudinem
1452 2004 1499 2050 in
1521 2014 1605 2052 'tres
1619 2001 1751 2053 subse·-

37 2067 210 2110 quentes
218 2050 714 2114 dissertationeS,quarum
725 2061 895 2115 praesens
907 2061 957 2103 de
970 2065 1020 2104 iis
1034 2065 1230 2106 Meteoris
1246 2068 1387 2121 ignitis
1408 2065 1610 2110 duntaxat
1628 2080 1723 2124 aget
1735 2093 1751 2122 3

38 2125 131 2168 quae
143 2116 279 2169 primo
288 2112 381 2156 loco
389 2112 705 2168 adduximus,de
712 2118 933 2174 reliquisin
940 2119 1045 2162 binis
1053 2120 1388 2179 subsequentibus
1399 2123 1542 2168 aeturiz
1597 2127 1657 2169 Sit
1669 2129 1749 2184 igi2-

584 2226 734 2316 Qu
754 2232 838 2297 AE
856 2232 895 2297 S
914 2232 978 2298 T
995 2234 1022 2298 1
1047 2230 1117 2300 Ο
1175 2230 1215 2301 Ι.

439 2323 519 2376 De
545 2327 616 2376 M
622 2332 798 2376 eteoris
810 2331 987 2399 ignitis
998 2333 1052 2378 in
1075 2336 1311 2384 communi
1321 2318 1349 2375 ἶ)

219 2417 226 2450 j
266 2397 434 2440 Onclusio
442 2406 567 2454 prima:
578 2407 705 2455 duplex
713 2406 973 2456 impreffionum
982 2411 1167 2462 ignitarum
1176 2415 1318 2451 materia
1327 2407 1391 2456 est,
1404 2420 1475 2452 'una
1482 2420 1635 2460 remota,
1643 2409 1748 2455 altera

229 2488 231 2490 ,
289 2453 446 2500 proxima
454 2462 606 2499 3remota
614 2454 660 2491 est
669 2456 808 2503 Corpus
816 2457 988 2495 terrestre:
1004 2461 1161 2509 proxima
1169 2461 1216 2498 est
1225 2463 1397 2500 exhalatio
1407 2464 1526 2507 calida,
1535 2467 1571 2503 ὅ(
1579 2468 1746 2517 coagulo-

213 2500 217 2503 “
243 2511 246 2514 ’
291 2500 322 2535 sa
331 2500 385 2536 seu
394 2501 506 2542 crassa,
516 2503 617 2539 seu'ut
623 2503 678 2539 alii
685 2504 1016 2556 explicant,pinguis,
1030 2509 1176 2546 resinosa
1184 2511 1275 2547 nitro
1283 2512 1474 2560 Sulphurea
1481 2535 1491 2552 ,
1501 2526 1577 2562 quae
1585 2527 1628 2551 ex
1635 2526 1723 2551 terra
1731 2535 1743 2556 ,

291 2548 467 2597 sulphure,
477 2551 664 2592 bitumine,
676 2551 818 2600 plantis,
831 2553 1093 2605 &animalibus,
1105 2557 1249 2614 aliisque
1263 2561 1379 2597 mixtis
1395 2563 1593 2599 extrahitur.
1645 2564 1748 2599 Ratio

290 2597 390 2645 primi
401 2597 458 2638 est,
475 2599 554 2646 quia
563 2600 666 2636 debet
674 2599 739 2636 esse
747 2603 888 2638 materia
895 2602 993 2640 facile
1005 2606 1213 2643 accensibilis
1222 2631 1232 2649 ,
1247 2620 1330 2658 ergo
1346 2609 1465 2645 calida.
1490 2611 1592 2647 Ratio
1607 2612 1748 2647 secundi

291 2644 356 2686 est,
372 2647 452 2694 quia
461 2648 709 2689 hoedicendo,
726 2649 816 2686 clare
832 2650 1020 2699 explicatur
1032 2654 1203 2703 dispositio
1212 2667 1290 2705 apta
1305 2658 1433 2693 horum
1444 2658 1689 2695 Meteororum
1703 2660 1748 2703 ad

40 2692 314 2741 concipiendum
323 2694 442 2742 ignem
453 2717 464 2734 ,
473 2706 515 2731 ex
523 2707 674 2743 quorum
682 2696 820 2734 defectu
826 2699 960 2736 cineres
966 2700 1048 2738 licet
1055 2703 1154 2739 calidi
1164 2703 1227 2740 sint
1235 2705 1271 2742 δ(
1280 2705 1358 2742 sicci
1364 2728 1375 2747 ,
1391 2710 1466 2742 'non
1474 2708 1667 2743 aduruntur
1673 2730 1684 2748 ,
1693 2708 1753 2744 ubi

42 2751 136 2778 extra
144 2739 263 2776 oleum
271 2741 318 2776 ob
327 2742 475 2778 materiae
491 2743 741 2792 pinguedinem
756 2748 971 2786 accenditur.
1427 2795 1430 2798 ⁴
1577 2795 1579 2797 ,

137 2787 327 2824 Conclusio
335 2789 630 2828 Secunda.Forma
636 2793 765 2830 horum
773 2795 1017 2834 Meteororum
1026 2797 1244 2837 substantialis
1252 2801 1300 2838 est
1307 2802 1419 2839 forma
1428 2803 1516 2851 ignis
1525 2803 1560 2838 in
1567 2803 1606 2838 iis
1612 2811 1755 2853 nempe,

67 2847 116 2873 uae
125 2835 299 2872 flammam
313 2838 528 2886 concipiunt.
577 2840 666 2884 Sunt
673 2842 767 2877 enim
775 2843 1013 2892 impressiones
1027 2849 1318 2899 quaedamigneaet
1334 2863 1408 2898 quae
1418 2851 1525 2886 solum
1534 2850 1754 2899 splendorem

104 2884 222 2920 lumen
238 2884 326 2933 ignis
345 2886 522 2927 obtinent,
541 2888 665 2936 quibus
673 2887 914 2940 eaassignanda
924 2895 987 2930 erit
995 2895 1123 2937 forma,
1167 2909 1217 2933 uae
1225 2899 1352 2947 cuique
1366 2910 1483 2934 earum
1498 2910 1541 2934 ex
1559 2899 1614 2936 sua
1629 2911 1751 2938 natura

47 2933 202 2968 debetur.
251 2933 495 2970 Accidentales
515 2935 635 2972 formae
656 2936 688 2973 su
694 2948 732 2974 nt
751 2941 958 2989 magnitudo
977 2965 988 2984 ,
1010 2944 1127 2985 color,
1141 2909 1249 2994 agu‘ra
1257 2969 1267 2986 ,
1289 2958 1405 2982 motus
1414 2969 1424 2987 ,
1446 2946 1568 2988 locus,
1593 2949 1751 2991 duratio,

42 2991 104 3029 per
111 2990 185 3027 quae
199 2980 454 3018 accidentaliter
462 2983 551 3019 inter
559 2983 772 3026 sedifferunt.
797 2991 891 3024 Nam
901 2989 1138 3039 suntquaedam
1148 2993 1348 3031 Meteoricae
1363 2996 1608 3032 concretiones
1616 2998 1750 3046 amplae,

0 3040 1 3080 j
42 3028 113 3064 aliae
121 3028 250 3081 exigua:
258 3051 268 3068 ,
277 3026 346 3063 aliae
356 3031 596 3071 rotundae,aliae
604 3036 785 3081 quadratae,
794 3036 864 3072 aliae
872 3037 1050 3088 oblongae,
1058 3041 1129 3076 aliae
1137 3042 1198 3077 alia
1207 3042 1324 3092 figura.
1353 3044 1450 3091 Saepe
1457 3043 1540 3080 vero
1549 3057 1625 3093 quae
1640 3058 1751 3096 angu-

0 3093 2 3134 ῐ
40 3076 118 3113 Ιοίίε
128 3078 202 3111 sunt
210 3098 220 3115 ‚
230 3077 350 3131 procul
359 3077 595 3133 aspicientibus
604 3079 717 3131 longae
726 3083 889 3121 videntur
895 3098 1035 3143 propter
1042 3089 1433 3146 lociintercapedinemj
1441 3103 1516 3140 quae
1524 3093 1686 3141 impedit,
1699 3095 1747 3130 ne

0 3142 3 3180 ζ
42 3123 250 3175 angulorum
260 3135 454 3162 emmennae
462 3128 757 3178 mternoseantur5
771 3132 983 3172 ficutaccidit
993 3148 1048 3178 us,
1056 3149 1115 3195 ‘³¹1¹
1124 3140 1324 3186 quadratam
1340 3149 1461 3177 turnm
1473 3142 1597 3190 procul
1608 3143 1749 3179 intueri-

3 3381 7 3458 i

4 3459 8 3518 s

5 3520 8 3549 l

5 3553 9 3610 ι

1073 3185 1106 3219 L
1172 3210 1175 3213 <
1679 3195 1753 3233 'tun
