2087 3610
614 212 1181 285 Philosophico-Politica.
1693 237 1750 292 33

37 303 151 341 sonitu
166 299 287 338 mobili
301 310 340 335 ac
353 296 465 345 fugaci
479 296 685 345 percipiunt.
735 298 961 346 Qandoque
982 308 1100 334 tamen
1112 298 1246 334 tonitru
1261 298 1505 335 continuatum
1519 311 1594 336 non
1609 301 1673 343 est,
1687 303 1745 339 sed

38 354 130 390 echo
151 350 313 387 resonans
335 347 370 383 ἀ
383 344 563 381 reflectens
584 356 627 380 ex
650 346 800 381 nubibus
814 347 869 382 vel
883 358 925 383 ex
938 346 1099 384 “aestibus
1114 357 1212 383 terrae
1238 345 1392 394 subjeeris
1405 370 1416 387 ,
1446 345 1546 394 cujus
1572 350 1741 386 indicium

36 402 90 442 fit,
99 401 120 436 si
129 411 201 435 non
210 399 300 433 idem
311 395 411 431 sonus
420 393 555 429 diversis
564 405 606 429 ex
614 393 700 429 locis
714 395 884 433 audietur.
934 396 1092 432 Adverte
1100 395 1404 443 etiam,aliquando
1414 395 1547 431 nullum
1557 396 1628 432 fieri
1639 400 1742 434 bom-

34 452 120 487 bum
129 459 194 483 nec
202 445 298 482 initio
305 467 315 484 ,
333 443 387 479 sed
395 444 529 478 tantum
537 443 712 490 quendam
721 443 911 478 tumultum
920 443 956 479 &
965 444 1150 480 obscurum
1158 455 1317 479 murmur
1324 466 1334 483 ,
1351 454 1437 480 tunc
1445 444 1588 484 scilicet,
1597 448 1739 493 quando

39 495 207 535 exhalatio
215 491 340 540 disjicit
347 491 480 528 tantum
491 492 620 526 nubem
627 513 637 530 ,
646 490 682 526 ὅ(
690 493 958 527 transcurrendo
966 493 1009 528 ad
1018 491 1122 528 latera
1131 490 1205 539 ejus
1215 503 1297 528 cava
1306 492 1508 540 impellitur,
1517 492 1638 529 nullibi
1653 495 1738 531 vero

39 559 116 584 eam
125 542 311 594 perrumpit
319 541 363 576 ita
370 563 380 580 ,
393 549 431 574 ut
439 539 618 575 eluctetur.

133 589 393 630 Confirmantur
408 610 418 627 ,
451 587 487 623 ὅ(
501 587 719 623 declarantur
731 586 899 624 maenus
920 587 1010 624 dieta
1032 587 1269 627 ssmilitudine,
1290 599 1358 635 qua
1377 588 1576 625 Aristoteles
1593 589 1743 637 explicat

34 642 198 680 modum,
205 637 393 676 causamve,
402 636 476 672 Cur
483 646 618 671 tantum
629 636 750 671 ionum
760 635 929 671 exhalatio
941 637 1020 672 edat
1034 659 1045 677 ,
1055 637 1218 672 nimirum
1228 637 1528 684 quemadmodum
1537 639 1617 673 cum
1628 638 1719 693 ligna
1726 661 1739 680 ,

34 690 182 728 multum
190 687 281 723 liccae
290 684 515 733 inspirationis
524 684 560 719 in
569 685 736 719 meatibus
747 685 974 724 continentia,
982 695 1146 724 uruntur,
1160 686 1330 733 crepitum
1338 696 1502 726 movent,
1519 687 1739 723 exhalatione

35 741 230 788 inapertum
240 734 445 783 prodeunte,
454 733 613 781 lignaque
622 732 855 780 disrumpente
863 756 872 774 2
890 732 976 769 sicin
989 734 1140 770 nubibus
1149 733 1262 769 multo
1272 732 1387 782 spiritu
1402 734 1570 770 saecundis
1583 734 1671 771 iacta
1686 747 1742 772 ea·

33 799 111 826 rum
119 783 316 822 diffefflone
323 783 512 818 vehemens
520 780 574 816 ille
584 781 685 816 sonus
693 781 812 817 existit.

129 834 225 870 Idem
233 831 380 868 bombus
390 829 549 878 explicari
557 831 636 876 apte
644 829 755 878 potest
763 829 923 877 exemplo
956 829 1082 865 ulveris
1091 829 1204 865 nitrati
1213 829 1248 865 in
1256 838 1437 867 tormento
1445 829 1572 866 bellico
1589 830 1721 867 accensi
1732 843 1745 878 ;

32 883 117 921 ficut
125 892 227 930 ergo,
242 880 324 915 cum
335 879 477 914 nitratus
487 877 598 926 pulvis
606 879 693 913 intra
709 879 876 914 tormenti
892 880 935 913 be
949 878 1004 914 lici
1017 878 1202 914 cavitatem
1216 878 1400 914 conclusus
1408 901 1418 918 ,
1433 879 1550 927 ignem
1560 880 1715 927 concipit
1728 902 1740 921 ,

33 927 235 969 &accensus
244 927 352 963 subito
359 950 370 968 ,
377 938 417 962 ac
425 925 679 974 consequenter
687 924 987 962 vehementiffime
994 925 1177 962 rarefastus
1188 949 1198 967 ,
1212 937 1252 962 ut
1259 938 1429 974 majorem
1438 927 1557 963 locum
1566 928 1720 976 acquirat
1727 950 1740 970 ,

32 991 75 1017 ex
82 987 258 1015 tormento
268 975 398 1024 ingenti
408 975 540 1023 impetu
551 975 710 1023 erumpit,
719 985 822 1023 atque
831 975 866 1010 in
875 975 1030 1011 vicinum
1038 975 1073 1011 δ(
1082 975 1328 1011 circumfusum
1338 981 1454 1011 aerem
1463 976 1642 1012 incurrens
1658 988 1741 1012 eum

31 1025 164 1075 disjicit,
171 1037 210 1061 ac
217 1025 346 1072 rumpit
358 1047 369 1064 ,
385 1024 495 1071 eaque
505 1022 722 1063 diffeciione,
743 1035 783 1059 ac
792 1023 1003 1072 disruptione
1011 1025 1182 1059 bombum
1191 1023 1288 1059 illum
1296 1023 1474 1073 ingentem
1491 1048 1502 1064 ,
1529 1035 1635 1072 quem
1644 1025 1743 1061 audi·-

30 1088 120 1115 mus,
129 1073 268 1112 excitat,
277 1073 324 1108 ita
331 1072 434 1108 etiam
443 1070 680 1107 exhalationes
689 1072 758 1107 vim
769 1071 860 1107 suam
871 1073 906 1107 in
915 1073 1025 1108 nubes
1035 1082 1198 1112 exerunt,
1207 1071 1243 1108 ὅ(
1251 1073 1383 1108 tonitru
1395 1072 1563 1111 efficiunt.

104 1123 191 1159 Rem
199 1124 282 1157 vero
292 1121 336 1156 ita
345 1120 375 1156 se
383 1121 509 1156 habere
517 1119 553 1156 ὃς
561 1121 849 1156 tonitruationem
861 1132 933 1155 non
941 1120 1199 1168 aliunde,quam
1208 1120 1483 1157 exhalationibus
1491 1123 1584 1157 nube
1592 1120 1737 1158 conclu-

29 1172 68 1210 fis
75 1170 224 1210 excitari,
232 1178 438 1219 argumento
448 1168 496 1204 est
503 1168 694 1209 manifesto,
703 1170 800 1217 quod
807 1170 939 1205 tonitru
948 1170 1018 1205 unii
1031 1170 1112 1204 anni
1130 1179 1225 1218 parte
1234 1170 1384 1204 maxime
1401 1170 1582 1218 contingat
1599 1169 1635 1206 &
1651 1170 1686 1206 in
1695 1171 1736 1206 iis

28 1221 80 1258 Re
106 1219 257 1258 ionibus,
266 1217 407 1266 quando
417 1217 452 1253 ὅ(
460 1217 496 1252 in
504 1217 628 1264 quibus
638 1216 813 1264 ejusmodi
822 1217 1020 1265 spirationes
1027 1219 1216 1254 abundant.
1266 1218 1506 1258 Notatamen,
1523 1230 1595 1254 non
1604 1217 1670 1254 effe
1680 1230 1741 1255 ne-

26 1280 69 1307 ce
95 1268 203 1304 arium
211 1266 357 1302 accendi
367 1265 552 1314 semper,&
569 1265 743 1314 ignescere
752 1266 1008 1301 exhalationem
1022 1268 1064 1302 ad
1080 1267 1226 1302 tonitru.
1276 1266 1377 1302 Ratio
1395 1265 1460 1306 est,
1474 1267 1553 1313 quia
1561 1267 1604 1302 acl
1615 1267 1740 1303 sonum

27 1317 206 1355 edendum
230 1312 353 1350 sufficit
368 1313 454 1350 iE‘tus
468 1315 659 1350 vehemens
671 1314 704 1349 in
713 1325 861 1362 corpore
870 1314 1074 1362 idoneo,qui
1081 1314 1168 1350 isius
1177 1314 1244 1349 fine
1254 1313 1531 1363 conflagratione
1539 1315 1608 1350 dari
1616 1314 1743 1363 potest,

27 1366 124 1414 quod
132 1375 174 1400 ex
182 1375 225 1399 eo
234 1372 327 1418 patet
334 1385 344 1405 ,
352 1363 434 1398 ciam
442 1374 526 1402 non,
535 1363 672 1410 quoties
682 1363 791 1398 nubes
807 1363 1010 1404 intonuere,
1025 1362 1174 1412 fulgetra
1187 1373 1372 1411 appareant
1379 1385 1389 1404 ,
1403 1372 1461 1398 aut
1471 1363 1579 1413 igneae
1592 1364 1742 1400 nubium

25 1414 132 1451 ruinae
140 1413 333 1448 coruIcent.
383 1411 469 1446 Haec
478 1411 556 1446 licet
564 1411 609 1446 ita
617 1411 648 1446 se
656 1411 816 1451 habeant,
824 1410 860 1446 [it
875 1421 994 1446 tamen

123 1459 312 1496 Conclulio
321 1459 429 1497 tertia.
477 1458 660 1494 Probabile
668 1458 912 1506 est,aliquando
923 1459 1054 1494 tonitru
1065 1470 1106 1495 ex
1115 1459 1147 1507 ip
1153 1458 1261 1494 sarum
1272 1459 1361 1494 inter
1370 1457 1402 1494 se
1410 1459 1555 1494 nubium
1565 1458 1738 1496 concursu

25 1511 63 1548 ὅ(
72 1509 214 1545 illisione
223 1507 294 1543 fieri
302 1509 431 1554 absque
438 1506 696 1542 exhalationum
705 1507 920 1546 interventu,
934 1507 1117 1555 eruptione
1125 1517 1184 1543 aut
1198 1505 1375 1542 confliciu.
1426 1507 1528 1542 Ratio
1540 1507 1602 1548 est,
1613 1508 1634 1543 si
1642 1509 1737 1545 enirn

25 1560 136 1595 nubes
148 1580 159 1596 ,
173 1556 412 1603 ciimaSpiritu
422 1555 694 1603 disrumpuntur,
710 1554 832 1590 sonum
844 1556 1011 1595 excitant,
1027 1567 1090 1590 cur
1106 1567 1179 1590 non
1189 1555 1282 1590 idem
1296 1555 1386 1590 inter
1403 1554 1434 1590 se
1451 1567 1580 1605 magno
1601 1556 1735 1604 impetu

26 1605 165 1646 colliiit,
179 1605 215 1640 ὅ(
223 1602 333 1639 fraecae
343 1601 495 1639 efficient
506 1626 516 1643 ,
548 1604 627 1651 quia
636 1615 710 1639 non
722 1604 837 1639 minus
845 1614 930 1652 aptae
940 1603 1016 1640 sunt
1023 1604 1067 1639 ad
1075 1603 1198 1639 sonum
1207 1604 1386 1639 edendum
1395 1605 1505 1639 nubes
1515 1606 1591 1640 duae
1601 1605 1690 1641 inter
1705 1605 1738 1641 se

26 1653 149 1693 collisse
162 1676 173 1694 ,
181 1653 283 1701 quam
295 1653 404 1687 nubes
414 1651 449 1688 ὅ(
460 1651 630 1687 exhalatio
640 1664 713 1687 non
721 1651 872 1688 accensa.

121 1703 200 1738 Nec
209 1700 336 1740 obstat,
351 1701 448 1747 quod
456 1702 564 1736 nubes
573 1699 915 1748 impa&aemomibus
930 1699 1054 1736 sonum
1062 1711 1135 1736 non
1144 1700 1266 1740 edant,
1283 1700 1370 1736 ratio
1386 1699 1585 1748 disparitatis
1601 1699 1650 1737 est
1668 1700 1736 1749 pri-

25 1751 87 1788 mo
95 1773 106 1791 ,
119 1750 198 1799 quia
206 1759 500 1796 nonquocunque
520 1751 632 1784 modo
641 1748 788 1796 impulfie
805 1759 941 1788 tonant,
959 1749 1014 1784 sed
1023 1748 1139 1797 fiaptae
1148 1749 1210 1784 ssnt
1219 1748 1416 1796 compolitae
1424 1749 1467 1783 ad
1475 1749 1619 1785 Tonum
1632 1752 1740 1786 eden-

25 1802 111 1836 dum
125 1812 137 1844 ς
162 1797 245 1834 ficut
253 1808 319 1832 nec
328 1795 448 1832 aversae
458 1797 547 1832 inter
556 1797 587 1833 se
595 1798 814 1837 manus,cum
822 1796 887 1834 coll
895 1797 1093 1837 iduntur,ita
1103 1809 1268 1847 magnum
1278 1796 1429 1846 plaulum
1440 1798 1567 1838 edunt,
1587 1797 1645 1833 sed
1654 1798 1738 1835 cum

25 1848 138 1897 palma
153 1845 301 1895 palmam
310 1844 467 1893 percutit.
516 1845 680 1881 Secundo
690 1868 701 1886 ,
716 1846 795 1894 quia
804 1856 907 1880 mons
917 1857 989 1881 non
1000 1845 1121 1882 scindit
1134 1847 1265 1881 nubem
1274 1868 1285 1886 ,
1301 1844 1357 1881 sed
1373 1845 1430 1881 libi
1438 1857 1514 1881 eam
1525 1847 1740 1883 circumfun-

28 1897 64 1932 di

67 1907 92 1937 t.
121 1943 264 1990 Qaeres
273 1950 389 1976 tamen
398 1941 513 1976 adhuc
519 1940 632 1988 primo
642 1955 650 1976 :
666 1953 708 1976 an
716 1941 819 1977 etiam
829 1943 958 1990 absque
967 1943 1059 1978 nube
1068 1942 1122 1977 edi
1131 1940 1218 1990 poffi
1220 1953 1233 1978 t
1249 1943 1381 1978 tonitru
1390 1942 1405 1980 5
1424 1942 1473 1978 Re
1479 1942 1632 1990 spondeo
1647 1940 1739 1980 affir-

22 1992 161 2031 mative,
170 1989 302 2027 constat
318 1990 387 2024 hoc
398 2001 470 2024 non
479 2001 550 2024 uno
559 2000 739 2030 eventu,ut
746 1987 904 2025 Historiae
913 1989 1184 2026 testantur-‚Talia
1192 1992 1344 2027 tonitrua
1351 1991 1535 2038 aliquando
1544 1992 1660 2027 audita
1666 1994 1742 2028 fue-

22 2053 71 2082 re,
79 2041 160 2076 cum
171 2049 273 2074 mons
280 2037 383 2074 AEtna
391 2038 569 2091 ingentem
577 2037 700 2073 adustae
709 2049 818 2073 arena:
828 2039 964 2086 copiam
974 2038 1149 2074 crustavit.
1173 2040 1259 2075 Non
1268 2041 1362 2075 enim
1380 2039 1557 2076 verisimile
1565 2040 1629 2080 est,
1638 2040 1674 2075 in
1688 2052 1733 2076 eo

23 2088 202 2127 na&u,ita
210 2092 288 2122 ae're
296 2085 638 2126 effer-velcentffiullas
646 2096 731 2122 tunc
745 2085 841 2122 fuisse
866 2087 976 2123 nubes
987 2109 997 2127 ,
1014 2087 1070 2123 scd
1094 2089 1260 2124 duntaxat
1275 2087 1476 2124 obluC'mnte
1505 2087 1541 2124 ὅ(
1555 2100 1685 2138 magno
1703 2088 1737 2125 se

23 2139 154 2184 impetu
165 2135 369 2171 effundente
378 2135 512 2170 eterrae-
527 2136 682 2170 cavernis
690 2134 785 2170 velut
806 2135 825 2170 ὲ
841 2135 970 2171 bellicis
984 2136 1152 2171 machinis
1162 2137 1273 2185 {piritu
1289 2158 1300 2178 ,
1332 2136 1583 2185 sulphureaque
1596 2137 1740 2174 materia

22 2191 138 2222 aerem
149 2181 322 2230 crepuisse.
374 2181 579 2223 Coeterum,
595 2194 657 2219 cur
666 2182 784 2218 sereno
794 2184 969 2219 interdum
977 2184 1070 2220 coelo
1080 2194 1205 2220 tonare
1215 2184 1319 2221 soleat
1330 2207 1340 2226 ,
1349 2185 1436 2220 ratio
1448 2186 1519 2220 dari
1534 2185 1647 2234 potest
1656 2185 1741 2234 sirpe

23 2245 66 2269 ex
75 2245 118 2268 eo
134 2256 146 2272 ,
170 2232 223 2267 vel
233 2232 311 2279 quia
319 2242 404 2266 tunc
412 2232 544 2266 tonitru
561 2231 596 2267 in
603 2232 718 2268 vicino
728 2231 766 2267 fit
778 2233 981 2273 horizonte,
1004 2232 1041 2269 ὅ(
1055 2243 1172 2268 tamen
1180 2234 1318 2270 auditur
1333 2234 1370 2269 in
1383 2233 1513 2269 nostr0.
1564 2234 1661 2270 Sicut
1676 2236 1741 2270 ob-

22 2279 104 2318 seffit
112 2281 148 2316 in
156 2280 438 2316 Austria·Vienna
447 2279 562 2328 fragor
571 2290 829 2316 tormentorum
843 2282 979 2316 auditus
995 2281 1042 2317 est
1067 2283 1110 2317 ad
1126 2280 1260 2318 Leucas
1275 2294 1325 2328 30.
1339 2280 1553 2330 potiffimum
1563 2282 1599 2318 in
1610 2282 1742 2318 monti-

22 2330 99 2366 bus.
147 2328 217 2364 Vel
226 2328 305 2376 quia
311 2326 349 2364 fit
356 2327 392 2363 in
399 2337 487 2364 terra
494 2329 716 2377 crepitus,aut
723 2329 758 2364 in
765 2328 928 2365 altissimis
936 2329 1096 2371 nubibus,
1105 2329 1161 2366 sed
1169 2331 1260 2367 adeo
1267 2331 1361 2373 raris,
1379 2340 1418 2367 ut
1427 2341 1604 2379 nequeant
1612 2331 1631 2367 a
1639 2330 1741 2368 nobis

21 2376 165 2415 adverti.

120 2425 264 2473 Qaeres
272 2424 453 2460 Secundo:
469 2436 513 2460 an
522 2424 625 2460 etiam
634 2425 721 2461 intra
729 2434 826 2462 terrae
838 2425 965 2462 viscera
982 2426 1109 2463 dentur
1127 2427 1306 2464 tonitrua?
1331 2425 1541 2476 Respondeo
1559 2425 1733 2464 affirmati-

19 2473 82 2515 ve,
101 2473 148 2510 ita
162 2472 326 2509 testantur
342 2472 470 2508 metalli
483 2471 637 2511 fossores.
688 2475 744 2510 De
759 2474 887 2510 Monte
899 2475 1063 2511 Africano
1072 2498 1083 2516 ,
1097 2475 1307 2512 Serraleon‘is
1322 2475 1416 2512 dieto
1426 2499 1436 2517 ,
1453 2476 1623 2517 scribitur,
1638 2486 1732 2513 tanta

19 2522 186 2570 parturire
193 2521 345 2557 tonitrua
353 2543 363 2561 ,
377 2531 416 2556 ut
425 2522 468 2557 ad
476 2532 527 2566 50,
537 2521 689 2558 milliaria
696 2523 889 2559 audiantur.
939 2523 1018 2559 Nec
1024 2535 1102 2560 raro
1112 2525 1185 2560 haec
1195 2524 1309 2574 fulgur
1325 2523 1536 2573 ffibsequitur
1543 2547 1554 2565 ,
1569 2525 1614 2560 ita
1625 2526 1729 2573 Joan.

19 2569 472 2609 Schuzelman,minerarum
481 2580 543 2618 per
551 2570 708 2625 Hungar.
715 2570 899 2607 Praefettus
907 2573 998 2620 apud
1006 2572 1217 2609 Kircherum
1229 2583 1357 2615 narrat,
1372 2574 1571 2622 priusquam
1581 2573 1616 2608 in
1628 2576 1732 2610 Hern-

53 2618 129 2653 usnde
143 2617 330 2666 spiraculae
338 2618 478 2665 rupibus
486 2628 603 2654 cavata
610 2617 756 2660 fuissent,
765 2630 910 2668 vapores
919 2620 954 2655 in
969 2620 1099 2657 fodinis
1114 2631 1339 2659 coacervatos
1357 2622 1476 2671 saepius
1493 2621 1642 2663 lumine,
1656 2632 1730 2670 quo

35 2665 163 2704 offeres
173 2676 329 2706 utuntur,
337 2665 499 2702 accensos
507 2689 518 2706 ,
527 2667 717 2703 maximum
726 2669 898 2717 fragorem
910 2668 1061 2706 edidisse.

121 2714 266 2763 Qaeres
275 2714 396 2750 tertio:
412 2726 474 2750 cur
481 2713 565 2750 caelo
574 2725 719 2752 tonante
725 2717 846 2753 vinum
855 2716 890 2753 &
900 2717 1058 2753 cerevisia
1066 2717 1102 2753 in
1109 2718 1203 2754 cellis
1211 2718 1391 2758 turbetur?
1402 2717 1609 2767 Respondeo
1617 2739 1628 2758 ,
1645 2728 1727 2754 cau-

22 2760 163 2799 rameffe
180 2772 318 2798 motum
334 2761 508 2798 insolitum
520 2785 532 2803 ,
551 2774 656 2811 quem
669 2764 800 2801 tonitru
816 2764 996 2813 imprimit,
1015 2767 1111 2802 unde
1124 2767 1417 2816 turbaturliquor,
1430 2766 1484 2802 vel
1494 2767 1597 2802 etiam
1607 2766 1654 2801 ob
1662 2778 1730 2802 no·

20 2810 95 2846 xios
102 2809 230 2858 spiritus
240 2809 378 2846 diffusos
387 2810 424 2847 <Sc
432 2810 566 2847 dolium
575 2822 793 2860 penetrantes
800 2813 1028 2850 fermentatur
1035 2825 1077 2851 ex
1084 2815 1324 2852 observatione
1339 2815 1483 2852 Domini
1498 2814 1651 2862 Stoyles',
1660 2815 1722 2862 qui

21 2858 213 2894 cerevisiam
223 2859 412 2894 hermetice
426 2858 461 2894 in
470 2860 558 2896 vitro
567 2859 710 2897 claufiun
720 2873 794 2897 non
802 2862 929 2898 turbari
938 2873 1097 2912 expertus
1106 2863 1163 2900 est.
1189 2864 1294 2900 Aliud
1302 2864 1496 2900 remedium
1504 2863 1606 2906 etiam
1615 2863 1724 2900 docet

21 2906 178 2941 adversus
186 2907 275 2942 hanc
283 2907 528 2948 turbationem,
537 2907 574 2944 ἀ
581 2908 819 2951 acescentiam,
828 2911 913 2946 dum
921 2910 978 2951 ait,
986 2913 1154 2948 carbones
1163 2912 1291 2948 fosfiles
1300 2913 1333 2947 in
1343 2912 1435 2948 cellis
1443 2910 1605 2947 accensos
1614 2934 1625 2952 ,
1633 2911 1719 2948 ciam

22 2963 132 2994 tonat,
139 2954 330 2990 cerevisiam
339 2955 357 2989 a
365 2956 589 3004 corruptione
598 2956 796 2999 defendere,
815 2960 957 3007 eoquod
967 2957 1167 3008 sulphureos
1184 2960 1220 2997 ὅ(
1229 2969 1492 3008 corrumpentes
1499 2958 1623 2995 halitus
1631 2959 1721 3009 ignis

22 3000 177 3038 discutiat
188 3024 199 3042 ,
211 3002 266 3038 vel
274 3003 371 3050 quod
380 3004 588 3047 vimfieorum
601 3006 791 3047 obtundat,
807 3008 892 3043 dum
906 3005 1050 3058 figuram
1063 3009 1234 3045 halituum
1247 3032 1258 3051 ,
1278 3018 1336 3045 aut
1349 3008 1644 3057 magnitudinem,
1658 3017 1719 3045 aut

22 3057 193 3086 texturam
208 3061 328 3088 mutat.

120 3098 264 3145 Qaeres
273 3109 412 3146 quarto:
437 3100 512 3137 Cur
518 3101 648 3137 tonitru
659 3101 786 3152 fungos
794 3102 967 3140 Faecundet
975 3127 986 3145 ,
1006 3103 1043 3142 ὃ(
1052 3116 1160 3142 cervae
1169 3114 1304 3154 partum
1318 3103 1546 3152 promoveat?
1565 3103 1720 3153 Respon-

23 3147 110 3189 deo,
117 3147 287 3182 rationem
295 3147 394 3195 primi
405 3147 487 3192 esse,
502 3149 582 3198 quia
588 3149 665 3199 post
671 3152 803 3189 tonitru
810 3151 1015 3238 pleruquue
1022 3163 1144 3202 tepens
1152 3176 1162 3196 ,
1179 3154 1216 3191 ὅ(
1229 3153 1330 3202 plena
1338 3153 1515 3202 spirituum
1525 3154 1618 3239 :iqua
1625 3164 1725 3189 terrae

1574 3202 1728 3239 unditur.
