2087 3610
290 209 381 265 134
426 252 430 258 .
986 194 1354 269 Meteorologia
1380 245 1382 247 .

291 277 405 315 guttas
420 274 629 314 maximas&
638 268 938 326 frequentiffimns.
986 277 1111 314 Oritur
1119 290 1161 314 ex
1169 289 1213 314 eo
1221 301 1231 319 ,
1241 280 1338 327 quod
1349 288 1418 314 con
1444 288 1584 328 regetur
1593 277 1628 314 in
1637 274 1749 314 unum
1758 277 1878 328 locum
1887 284 2031 330 magna„
2068 319 2069 323 ,

290 326 461 373 vaporurn
477 326 595 374 copia,
612 326 670 374 qui
681 326 781 362 valde
792 325 1068 366 condensentur,
1084 326 1120 362 ὅ(
1138 327 1422 374 paenelimulrelo
1437 337 1561 363 vantur
1577 328 1610 362 in
1620 337 1761 375 aquam3
1780 339 1822 362 ex
1832 329 1902 363 hoc
1919 329 2023 372 enimJ

292 363 458 422 sequitur,
473 382 512 408 ut
527 374 652 409 cadant
661 373 767 410 veluti
777 373 921 409 flumina
930 385 1108 421 aquarum.
1159 374 1377 411 stillicidium
1388 375 1435 410 est
1445 376 1572 424 hyeme
1585 377 1800 423 frequentius
1810 388 1822 421 3
1838 376 1952 411 Imber
1961 387 2019 413 au·

291 430 420 458 tumno
434 419 581 468 &vere3
596 421 716 458 Nimbi
725 431 842 458 autem
860 422 895 456 in
903 421 1035 462 testate,
1053 422 1222 470 quiatunc
1236 423 1368 459 facilius
1384 422 1498 471 plures
1507 433 1613 472 gutta:
1624 425 1660 458 in
1678 435 1783 458 unam
1800 429 1951 464 coeunt,
1963 421 2018 461 vel

292 470 373 519 quia
382 471 439 506 a'er
452 467 579 505 infimae
589 471 740 519 regionis
748 470 888 505 tenuior
901 478 987 506 tunc
1004 469 1069 509 est,
1086 470 1121 506 ὅ(
1131 470 1276 507 calidior
1286 484 1298 517 3
1310 473 1366 507 vel
1383 472 1461 519 quia
1472 481 1557 508 tunc
1572 473 1681 508 nubes
1696 472 1804 521 magis
1819 470 1945 521 frigefit
1957 475 2018 521 per'

293 517 567 567 antiperistasim,
584 516 664 554 &in
675 515 823 565 majores
831 517 970 553 solvitur
979 528 1104 567 guttas,

390 615 535 661 Qaeres
546 622 664 649 tamen
681 613 717 649 in
729 623 881 662 genere,
891 624 954 650 cur
961 614 1120 664 guttatim
1135 614 1251 659 pluvia
1260 614 1414 658 decidat,
1425 626 1498 650 non
1507 615 1717 651 continuum
1736 625 1852 651 autem
1861 615 1967 651 ducat
1975 615 2018 652 ri.
2066 615 2068 618 ’

294 662 402 701 vum?
419 662 646 710 Respondeo,
660 663 794 697 causam
811 661 894 702 effe,
909 663 988 710 quia
1002 684 1013 703 ,
1029 663 1111 698 cum
1128 662 1187 698 fiat
1195 661 1309 710 pluvia
1330 675 1372 698 ex
1383 663 1569 712 vaporibus
1587 664 1888 700 concrescentibus
1901 686 1913 705 ,
1927 661 1964 700 &
1979 664 2022 702 sic

294 711 330 747 in
345 723 468 759 aquam
483 711 688 746 abeuntibus
706 732 717 750 ,
735 718 810 745 tota
824 710 920 746 simul
934 712 1045 747 nubes
1061 711 1285 746 concrescere
1295 712 1415 758 nequit
1430 735 1440 752 ,
1458 712 1513 747 sed
1530 724 1591 760 per
1603 722 1714 759 partes
1729 725 1740 757 3
1757 724 1829 748 non
1838 712 1933 748 enim
1947 709 2023 751 tota

293 760 469 808 *aequaliter
484 759 592 794 nubes
606 757 755 800 ambitur
768 759 786 794 a
802 759 930 807 frigido
950 763 1029 795 aere
1044 781 1054 799 ‚
1071 771 1137 795 nec
1152 768 1226 794 tota
1243 759 1418 807 aequaliter
1433 760 1542 796 calida
1558 760 1645 796 facia
1661 760 1708 795 est
1722 761 1740 795 a
1754 761 1836 796 Sole
1847 783 1858 800 ,
1875 771 1951 808 quae
1964 773 2022 803 au,-

294 815 368 845 tem
385 816 497 857 partes
512 805 694 842 calidiores
710 805 787 842 sunt
807 827 818 846 ,
832 807 962 844 tardius
976 808 1221 856 refrigerantur
1232 830 1242 848 ,
1262 819 1367 856 quarn
1382 808 1466 844 aliae.
1515 808 1571 844 Sic
1587 820 1670 857 ergo
1685 819 1859 845 concretae
1874 819 1987 857 partes
2003 803 2022 854 ὲ
2065 810 2083 856 j:

296 867 374 894 non
391 855 567 893 concretis
583 854 704 892 avulsae
719 854 898 892 decidunt.
2066 857 2067 865 ¹

394 948 585 987 Conclusio
601 948 711 988 tertia.
764 948 884 987 Pluvia
900 961 943 987 ex
959 950 1088 988 diversa
1103 962 1272 1000 vaporum
1288 950 1476 994 mixtione,
1484 950 1540 987 vel
1548 950 1594 987 est
1601 951 1710 988 dulcis
1721 950 2021 995 ,velamarmalim

297 1010 367 1048 que
377 999 494 1044 sapore
502 999 652 1046 praedita.
703 999 822 1034 Dulcis
838 998 952 1048 pluvia
965 999 1182 1048 est,quand0
1194 1012 1301 1047 vapor
1309 1000 1355 1036 est
1365 1007 1486 1036 aereus
1494 1001 1642 1036 humido
1660 1002 1838 1037 immixtus
1853 1024 1864 1042 ,
1877 1001 1914 1038 ὅ(
1932 996 2020 1048 ejus}

296 1048 395 1085 modi
410 1045 525 1095 'pluvia
542 1046 714 1082 faecundat
733 1057 829 1082 terrae
852 1047 1032 1084 nascentia.
1082 1052 1207 1084 Amara
1220 1049 1334 1097 pluvia
1349 1049 1396 1084 est
1409 1050 1568 1089 aterreo,
1585 1049 1674 1091 sicco
1692 1049 1727 1085 ὅ(
1741 1050 1861 1085 adusto
1878 1049 1949 1085 lalis
1963 1048 2022 1096 fibi
2064 1085 2066 1091 f
2080 1073 2083 1085 2

297 1097 465 1132 admixto.
516 1095 558 1130 Et
573 1092 870 1143 ejusmodipluvia
888 1096 1093 1144 plerumque
1102 1107 1227 1138 nocet,
1242 1097 1320 1144 quia
1336 1096 1612 1133 exliccat'&facit
1621 1096 1840 1138 sterilescere,
1855 1091 2020 1134 sicutacei

298 1154 374 1180 tum
392 1142 426 1179 ὅ(
443 1143 552 1179 urina.
619 1142 704 1179 Huc
723 1156 867 1192 quoque
880 1146 1059 1180 referenda
1071 1145 1186 1193 pluvia
1201 1144 1292 1185 salla,
1308 1157 1383 1193 quae
1398 1145 1436 1181 fit
1455 1156 1596 1194 propter
1620 1145 1877 1182 exhalationem
1901 1146 2021 1194 vapori
2048 1139 2080 1166 ’Ὗ

297 1193 503 1229 immixtam.
553 1189 592 1226 In
602 1192 743 1228 Summa
758 1206 767 1227 ε
790 1193 897 1228 Sicuti
912 1205 1008 1241 aquae
1025 1194 1175 1229 sontium
1191 1195 1209 1228 a
1223 1194 1321 1229 variis
1340 1205 1505 1230 terrarum
1516 1216 1527 1236 ,
1542 1206 1603 1242 per
1618 1206 1700 1242 quas
1714 1193 2017 1242 transeunt,quali-

298 1242 424 1277 tatibus
445 1240 553 1275 varias
568 1239 606 1276 ’ἀ
623 1239 699 1288 ipsae
719 1240 906 1277 sortiuntur
921 1241 1099 1290 qualitates
1116 1242 1152 1278 ὅ(
1171 1241 1306 1291 sapores
1322 1255 1333 1286 ς
1351 1243 1396 1278 ita
1414 1242 1517 1278 etiam
1531 1255 1627 1291 aquoe
1646 1243 1810 1291 pluviales
1827 1253 1870 1279 ex
1884 1242 2019 1279 diverfis
2068 1273 2070 1276 ,

297 1289 484 1338 vaporibus
501 1289 653 1324 diversos
666 1288 855 1336 sequuntur
865 1288 1010 1338 sapores.

396 1385 558 1433 Qazres,
573 1395 635 1420 cur
643 1394 749 1434 guttae
766 1384 959 1434 pluviarum
979 1385 1042 1421 lint
1051 1383 1234 1424 rotundae?
1252 1384 1481 1434 Respondeo,
1499 1385 1668 1434 triplicem
1683 1385 1785 1434 hujus
1800 1388 1848 1422 rei
1865 1385 2020 1437 affignari
2062 1423 2064 1426 ,

297 1434 482 1471 rationem.
533 1431 645 1467 Prima
660 1433 728 1473 est,
744 1434 823 1481 quia
838 1444 970 1483 partem
980 1435 1130 1469 mediam
1140 1435 1300 1470 omnium
1311 1444 1498 1483 corporum
1516 1435 1688 1470 robustam
1706 1437 1771 1470 ene
1788 1439 1955 1472 convenit
1968 1437 2013 1473 ad
2062 1430 2064 1442 ’

297 1481 575 1536 incolumitatem
588 1503 599 1521 ,
612 1482 656 1517 ad
673 1493 777 1541 quam
795 1494 869 1518 rem
886 1481 993 1531 figura
1006 1487 1156 1518 rotunda
1173 1483 1220 1518 est
1234 1480 1410 1530 aptiffima.
1463 1484 1622 1519 Secunda
1636 1507 1645 1524 ,
1664 1484 1743 1532 quia
1756 1494 1829 1519 tota
1842 1497 1930 1533 aqua
1944 1495 2017 1522 tarr.

299 1549 403 1585 quam
426 1544 543 1572 totum
553 1545 732 1579 ομογενες
748 1538 853 1574 etiam
870 1538 997 1573 retinet
1010 1538 1262 1575 rotunditatem
1273 1561 1282 1578 ,
1299 1549 1482 1586 propterea
1497 1540 1656 1586 quaelibet
1668 1538 1740 1585 ejus
1749 1551 1824 1586 pars
1839 1540 1874 1573 in
1894 1539 2017 1574 orbem

297 1585 541 1635 conglobatur.
591 1583 710 1622 Tertia
721 1609 733 1627 ,
748 1586 911 1622 Albertus
921 1586 1069 1635 Magnus
1079 1586 1154 1622 vult
1164 1598 1218 1622 eas
1227 1587 1443 1622 volutatione
1452 1590 1618 1622 rotundas
1633 1587 1724 1627 fieri,
1741 1588 1848 1626 adde,
1865 1588 1961 1634 quOd
1975 1585 2017 1621 fi-

297 1634 542 1683 guraretunda
556 1633 680 1670 melitis
689 1635 758 1670 ae‘ri
775 1633 924 1670 refistant
937 1635 1113 1671 ambienti.
1164 1636 1276 1683 Qod
1292 1645 1408 1670 autem
1423 1645 1530 1684 guttae
1547 1635 1794 1676 fintrotundae,
1810 1637 1958 1684 probant
1971 1633 2017 1670 1ae

297 1682 415 1733 pides,
428 1682 488 1730 qui
504 1681 563 1719 sub
570 1682 745 1719 stillicidiis
754 1691 979 1723 excavantur,
999 1683 1036 1720 ὅ(
1048 1692 1154 1732 guttae
1163 1684 1357 1732 pendentes
1370 1683 1505 1719 intoliis
1517 1686 1692 1720 arborum.
2056 1685 2062 1731 ’,

350 1823 353 1825 ⁴
397 1776 726 1828 Conclufioquartas
749 1778 1120 1834 Signaimminentium
1134 1778 1328 1827 pluviarum
1338 1779 1413 1814 sunt
1425 1778 1521 1827 plura
1540 1793 1551 1814 t
1570 1780 1683 1827 primo
1696 1779 1831 1815 rubedo
1840 1779 2010 1818 matutina
2059 1763 2062 1829 s

300 1827 337 1863 in
345 1825 425 1863 Sole
438 1826 592 1867 ,indicat
607 1828 701 1863 enim
724 1827 907 1875 subjectam
922 1826 988 1863 esse
1001 1827 1072 1863 Soli
1088 1832 1216 1863 nubem
1230 1828 1392 1875 aquosam
1407 1850 1418 1869 ,
1433 1839 1507 1875 quae
1522 1828 1621 1863 facile
1636 1827 1781 1863 solvatur
1802 1829 1836 1863 in
1850 1827 2011 1877 pluviamg
2055 1836 2057 1840 ·

299 1875 527 1911 Contrarium
535 1875 639 1912 habet
646 1876 858 1924 vespertinus
868 1875 1012 1911 nubium
1020 1878 1144 1915 rubor,
1159 1875 1239 1911 licet
1247 1878 1264 1911 a
1278 1877 1461 1924 vaporibus
1471 1876 1624 1911 caul'ctur
1632 1899 1641 1915 ,
1659 1877 1735 1924 quia
1745 1888 1889 1922 vapores
1899 1877 2014 1925 vespe.
2059 1873 2061 1877 ⁴

298 1924 351 1961 rei
367 1923 590 1959 horizontem
603 1935 818 1972 occupantes
837 1924 953 1960 calore
967 1923 1055 1959 Solis
1063 1926 1219 1960 abeuntis
1229 1924 1377 1960 destituti
1389 1925 1561 1960 nocturno
1575 1926 1703 1973 frigore
1713 1927 1839 1959 dentati
1849 1937 2014 1961 revocan-

300 1972 410 2009 turad
423 1981 559 2010 terram.
575 1973 740 2008 Secundo
746 1971 988 2028 pallorinSole
1000 1984 1040 2008 ac
1050 1972 1148 2009 Luna
1164 1995 1175 2014 ,
1188 1982 1227 2008 ut
1253 1982 1313 2008 ote
1326 1973 1385 2021 qui
1403 1983 1445 2008 ex
1459 1971 1634 2020 intetjec’ta
1649 1973 1771 2021 aquosa
1788 1975 1881 2008 nube
1895 1974 2015 2010 oritur·

299 2019 423 2057 Tertio
439 2020 461 2056 si
475 2019 535 2056 Sol
546 2019 582 2056 in
595 2030 674 2056 ortu
690 2032 800 2069 major
815 2019 914 2056 solito
929 2019 1158 2070 conspiciatur
1170 2044 1181 2062 ,
1194 2031 1227 2056 ta
1243 2021 1269 2056 is
1289 2022 1381 2056 enim
1404 2021 1607 2070 magnitudo
1625 2023 1734 2056 oritur
1749 2033 1791 2056 ex
1807 2022 2013 2057 humoribus

301 2065 417 2107 craffis
426 2068 515 2104 inter
527 2079 593 2104 nos
602 2067 638 2105 ἀ
646 2070 776 2105 nubem
789 2068 1003 2118 interpositis,
1055 2069 1192 2116 Quarto
1201 2092 1211 2110 ,
1220 2069 1241 2104 fi
1250 2070 1306 2104 Sol
1317 2069 1490 2105 coeruleus
1499 2080 1656 2117 appareat
1671 2069 1705 2104 in
1721 2080 1798 2105 ortu
1815 2092 1826 2109 ,
1846 2069 1902 2105 vel
1910 2069 1944 2104 in
1954 2081 2012 2106 oc.

301 2117 379 2154 casu
393 2118 440 2152 ob
454 2118 601 2153 eandem
616 2117 761 2155 causam,
818 2118 955 2166 Quinto
969 2129 1129 2153 ranarum
1146 2118 1304 2154 coaxatio
1317 2140 1328 2157 ,
1345 2117 1503 2153 animalia
1519 2119 1611 2152 enim
1625 2119 1768 2154 humida
1784 2117 2013 2159 exhilarantur

301 2166 463 2214 tempore
472 2165 529 2200 fibi
545 2166 771 2202 convenienti
788 2188 800 2206 ,
816 2165 870 2201 vel
885 2166 962 2213 quia
978 2166 1059 2201 cum
1076 2167 1227 2202 humidae
1242 2165 1321 2206 sint,
1329 2167 1456 2202 humor
1464 2177 1506 2201 ex
1515 2178 1636 2201 eorum
1646 2166 1849 2213 corporibus
1865 2167 2011 2202 extrahi·
2050 2180 2053 2185 Δ

300 2223 360 2250 tur
374 2236 386 2253 ,
401 2224 476 2261 quae
490 2225 659 2261 vaporum
684 2213 849 2250 extractio
872 2213 1001 2249 sensum
1016 2237 1025 2252 ,
1042 2213 1154 2249 sensus
1169 2214 1358 2250 clamorem
1373 2216 1483 2262 parit,
1499 2215 1647 2249 fimiliter
1662 2214 1738 2263 galli
1758 2225 1890 2250 canunt
1901 2237 1912 2254 ,
1929 2216 2011 2251 cum
2050 2240 2058 2262 3

301 2261 398 2298 enim
408 2261 470 2296 lint
477 2271 596 2297 natura
608 2262 727 2303 calidi,
736 2263 861 2310 avapoi
869 2262 946 2299 ibus
955 2261 1216 2299 ascendentibus
1226 2262 1469 2300 refocillantur.
1485 2263 1581 2298 Idem
1592 2262 1861 2298 indicantsulicae
1873 2263 2012 2299 matuti—
2052 2277 2058 2311 ‘l

301 2322 391 2346 num
407 2311 550 2345 edentes
558 2310 759 2358 clangorem
772 2333 784 2352 ‚
801 2311 929 2360 mergi,
944 2321 1132 2358 anatesque
1146 2322 1277 2359 pennas
1291 2310 1399 2346 rostro
1412 2321 1598 2360 purgantes
1610 2333 1621 2350 ,
1634 2313 1741 2359 mergi
1750 2310 1863 2360 stagna
1877 2311 2012 2360 fugien-

302 2368 357 2395 tes
371 2380 382 2398 ,
405 2359 514 2407 mergi
540 2359 712 2405 fugientes
727 2358 763 2394 in
778 2359 1039 2394 mediterranea.
1088 2358 1261 2395 Volucres
1274 2359 1595 2407 quoqueterrestres
1609 2369 1731 2394 contra
1738 2371 1861 2406 aquam
1870 2359 2010 2409 clango-

301 2418 378 2443 rem
395 2407 556 2446 edentes,
571 2406 607 2442 &
617 2408 649 2442 se
657 2408 920 2454 profundentes.
972 2407 1136 2442 Hirundo
1151 2407 1297 2443 volitans
1311 2408 1419 2456 prope
1431 2420 1572 2455 aquarn,
1587 2407 1718 2442 anseres
1727 2409 1785 2442 diu
1801 2408 2011 2456 clangenteS,

300 2456 411 2492 boves
419 2455 550 2491 coelum
564 2454 781 2496 olfacientes,
792 2456 946 2490 formicae
956 2457 1179 2497 absconditae,
1197 2455 1353 2491 lumbrici
1365 2466 1599 2505 emergentes:
1615 2457 1720 2491 Sexte>
1736 2467 1778 2491 ex
1792 2457 1893 2491 rebus
1902 2455 2010 2491 inani·

292 2504 394 2539 matis
404 2502 554 2551 lapid-im
572 2503 608 2540 ὃς
625 2504 793 2551 parietum
801 2503 1006 2544 humiditas,
1023 2505 1102 2551 quia
1117 2503 1172 2539 illa
1185 2503 1274 2539 fitex
1288 2503 1404 2539 multis
1413 2505 1596 2553 vaporibus
1611 2504 1804 2540 humidis&
1819 2502 2008 2552 craffis,q'ui
2054 2537 2056 2546 ,

287 2552 371 2588 cum
386 2550 575 2587 ascendere
596 2552 744 2600 propere
759 2564 832 2587 non
840 2549 985 2599 poffint,
1000 2552 1236 2588 adhaerescunt
1243 2554 1286 2587 ad
1296 2551 1433 2601 lapides.
1487 2553 1584 2588 Idem
1595 2554 1739 2588 denotat
1753 2551 1875 2588 stridor
1891 2552 1958 2588 olei
1967 2553 2009 2588 ad
2054 2584 2055 2592 ,

287 2599 506 2649 lampadem,
521 2599 602 2648 quia
611 2611 774 2648 vapores,
789 2601 849 2649 qui
862 2601 1100 2643 attrahuntur,
1116 2600 1164 2637 illi
1176 2602 1395 2637 attrahuntur
1412 2601 1447 2638 <St
1460 2601 1656 2640 miscentur.
2054 2597 2055 2602 ’

389 2694 580 2732 Conclusio
595 2695 725 2745 quinta.
774 2695 902 2733 Pluvia:
919 2695 1088 2733 Univerlb
1103 2692 1303 2733 neceffariae.
1353 2695 1454 2732 Ratio
1471 2696 1534 2737 est,
1551 2697 1629 2745 quia
1646 2697 1714 2733 sine
1729 2697 1782 2733 his
1801 2697 2006 2734 exsiccaren-
2052 2701 2054 2704 '

291 2754 347 2780 tur
361 2744 480 2779 omnia
494 2745 546 2780 fru
574 2756 633 2780 um
648 2756 785 2793 genera.
835 2744 983 2782 Pascunt
997 2747 1049 2781 hee
1058 2746 1215 2786 arbores,
1230 2743 1491 2785 fiores,herbas.
1541 2746 1769 2793 Suppeditant
1780 2744 1944 2781 foffilibus
1955 2746 2006 2788 vie

290 2792 493 2828 scolitatem.
540 2758 652 2830 ἑῆος
660 2803 735 2828 tum
743 2792 847 2834 Solis,
863 2803 939 2829 tum
949 2793 1248 2830 subterraneorum
1265 2794 1396 2842 ignium
1413 2803 1628 2842 temperant3
1645 2795 1769 2829 noxios
1785 2793 1915 2842 spiritus
1934 2793 2006 2829 infi-

291 2852 385 2876 mam
401 2842 583 2889 regionem
598 2840 812 2882 obsidentes,
828 2842 863 2877 in
872 2842 1058 2878 hominum
1073 2843 1322 2891 pecudumque
1335 2842 1469 2877 ruinam
1479 2852 1710 2891 congregatos
1727 2843 1822 2878 mole
1833 2843 1886 2878 lis-a
1898 2843 1931 2878 in
1941 2853 2006 2878 ter·

289 2899 363 2924 tam
377 2890 583 2936 detrahunt;
596 2889 758 2926 sontes&
771 2887 915 2925 flumina
930 2889 983 2926 vel
1000 2891 1230 2931 excitant,vel
1244 2902 1286 2926 au
1314 2900 1383 2925 ent.
1435 2891 1539 2926 Unde
1553 2890 1718 2937 lingulare
1737 2901 1863 2926 naturae
1878 2889 2005 2926 benefi-

287 2938 382 2972 cium
396 2938 508 2978 est,ut
516 2940 600 2974 dum
610 2937 760 2986 pluviaee
770 2938 919 2973 nubibus
927 2939 1116 2987 praecipites
1126 2940 1291 2974 interram
1312 2940 1465 2979 abantur,
1475 2939 1599 2974 eterris
1613 2951 1729 2974 tamen
1738 2939 1848 2974 rursus
1858 2939 2005 2987 invapo-

284 2995 338 3020 res
348 2995 495 3021 tenuatae
507 2987 652 3023 redeant
666 2986 700 3022 in
711 2984 863 3022 sublime.
916 2985 1112 3036 InAEgypto
1120 2998 1237 3022 tamen
1248 2998 1425 3034 nunquam
1434 2988 1506 3022 fere
1513 2987 1599 3035 pluit
1612 3000 1623 3032 3
1638 2988 1743 3027 Sunt,
1752 2987 2005 3035 quipluviaede÷

284 3033 415 3068 fectum
432 3034 535 3070 calori
550 3035 718 3075 tribuant,
736 3033 793 3076 sed
809 3034 926 3070 multae
944 3036 1105 3084 regiones
1120 3035 1300 3071 calidiores
1321 3035 1443 3083 pluviis
1458 3037 1618 3080 madent3
1632 3035 1878 3071 aliivento'rum
1894 3047 2001 3084 penu-

284 3082 370 3116 riam
385 3083 559 3121 accusant,
577 3082 633 3119 sed
656 3083 731 3131 quis
755 3081 880 3119 nesciat
900 3105 912 3123 ,
936 3083 1057 3118 Etesias
1074 3084 1263 3133 AEgyptum
1282 3084 1483 3131 frequenter
1506 3083 1648 3132 perflare
1669 3106 1679 3123 ,
1709 3086 1805 3119 unde
1833 3085 2002 3119 rationem

287 3127 354 3164 esse
378 3129 555 3171 existimo,
566 3143 568 3145 ’
580 3132 678 3179 quod
703 3133 813 3167 nubes
838 3131 874 3166 in
900 3143 981 3167 eum
1007 3132 1152 3168 tracium
1176 3132 1295 3167 delatae
1320 3133 1366 3167 ob
1393 3131 1523 3179 spiritus
1549 3133 1695 3167 nitrosos
1721 3132 1865 3168 nubium
1890 3132 1996 3180 liqua-

285 3178 422 3222 tionem
443 3179 672 3228 prohibentes
684 3201 696 3223 ,
709 3179 745 3215 in
761 3179 914 3228 pluviam
927 3179 1011 3215 solvi
1026 3193 1102 3217 non
1115 3179 1253 3229 poslint.
1319 3181 1468 3216 Econtra
1483 3180 1701 3217 Narnivenfis
1715 3192 1796 3231 ager
1814 3180 1928 3228 pluvia
1945 3180 2001 3215 fic·
2028 3201 2035 3206 -

1925 3239 1991 3268 carl
