2118 3600
326 311 487 366 modo
511 309 705 365 naturali
720 350 733 370 ,
751 307 830 362 sed
849 309 902 361 &
918 307 1089 361 morali
1104 307 1417 381 Philosophiae
1432 350 1445 370 ‚
1499 327 1570 361 uae
1587 309 1636 362 in
1656 308 1831 363 eodem
1840 310 2037 364 traduna

328 397 405 433 tur
419 384 603 443 Lyceo,
619 379 896 431 innituntur.
932 378 1040 428 Sine
1054 375 1146 426 hac
1164 397 1311 430 nemo
1324 326 1636 447 Philosophus
1657 375 1898 443 absolutus
1916 420 1928 439 ,
1954 375 2036 432 sed

328 468 392 502 ne
411 444 570 501 hbmo
590 445 785 519 quidem
800 465 815 501 5
842 456 977 498 Omnis
992 454 1094 515 euim
1107 454 1235 508 homo,
1253 444 1499 497 Aristotele
1516 446 1646 505 teste,
1669 457 1907 501 naturaliter
1924 457 1975 513 est
1991 473 2034 505 ατ

329 529 454 573 uimal
463 528 664 572 Politicum
679 523 735 572 dy
750 521 875 565 civile.
958 510 1213 584 Digestum
1230 511 1293 564 fic
1317 533 1373 565 ex
1390 511 1718 582 probatissimis
1734 512 2034 565 Authoribus

329 604 460 638 nova
477 583 565 636 hac
582 581 738 633 forma
754 576 1060 651 opusculum,
1081 576 1116 627 fi
1135 577 1252 631 nihil
1269 596 1428 632 tamen
1445 579 1653 650 lippienti
1672 581 1821 634 oculo
1845 588 2035 634 novum

329 651 584 710 videbitur,
603 648 804 719 cogitet,
823 663 912 698 nec
929 644 1077 699 aliena
1094 663 1282 717 carpere
1298 650 1351 700 &
1362 646 1584 699 mordere
1601 647 1758 700 modo
1773 668 1961 702 novum
1970 648 2034 701 es-

330 721 388 774 se.
452 723 598 773 Redste
608 718 819 789 Socra-tes
829 753 840 772 ‚
853 723 1004 781 dzfficile
1014 726 1066 783 est
1077 727 1135 769 ita
1151 726 1357 784 quidquam
1366 736 1560 783 peragere
1581 737 1622 769 ut
1642 726 1742 770 nihil
1753 741 1863 770 erres
1868 745 1882 775 ;
1895 728 1997 785 quod
1992 723 2037 784 fi

330 791 447 836 etiam
449 788 535 847 fiue
548 798 685 846 errore
698 796 900 846 quzsquam
913 782 1066 845 aliquid
1069 794 1253 841 peragat,
1269 782 1418 840 difficile
1430 784 1480 839 est
1489 817 1500 837 ,
1514 798 1591 826 uon
1606 785 1779 842 iniquum
1783 786 1952 840 judicem
1967 799 2032 828 re-

274 880 277 883 ·
323 858 472 917 perire.
538 846 732 895 Interim
746 838 832 890 fibi
847 838 1044 892 meliora
1059 838 1251 910 parandi
1272 838 1584 891 necessitatem
1607 840 1812 910 imponit
1836 881 1848 901 ‚
1873 840 1956 911 qui
1980 855 2036 892 ut

330 914 436 966 trita
455 910 627 983 spernit
642 906 801 980 aliena.
867 906 1117 960 Peffmtum
1133 907 1313 978 semper
1329 906 1560 982 judicium
1576 908 1640 959 est
1654 948 1666 967 ,
1684 905 1768 958 ubi
1780 927 1884 959 non
1898 926 2035 960 mens

330 979 410 1034 sed
427 978 541 1031 dens
559 978 836 1030 sententiam
856 973 956 1026 fert.
1021 979 1079 1028 Et
1098 975 1235 1047 quod
1252 974 1504 1027 ridiculum
1528 976 1592 1027 est
1613 998 1622 1026 :
1653 978 1780 1046 Saepe
1795 994 2036 1045 praeoccu-

366 1065 465 1101 atus
483 1047 665 1099 sinistro
681 1040 858 1095 affeetu
875 1044 1056 1094 animus
1074 1045 1166 1112 jam
1184 1043 1233 1095 in
1248 1043 1492 1095 censuram
1504 1046 1658 1118 operis
1674 1043 1888 1116 linguam
1900 1045 2037 1095 &ca-

331 1069 516 1173 lamum
533 1111 740 1184 expedit,
794 1109 897 1162 uod
913 1110 1124 1164 necdum
1141 1110 1256 1163 vidit
1272 1111 1439 1163 oculus
1456 1152 1468 1171 ‚
1487 1131 1645 1164 minus
1669 1130 1803 1163 mens
1824 1110 2036 1184 legendo

332 1183 613 1255 dijudicavit.
678 1182 778 1231 Ital
803 1176 1087 1231 omachante
1110 1179 1273 1231 animo
1296 1180 1472 1250 peffimi
1495 1198 1653 1231 rerum
1670 1177 1900 1230 efficimur
1917 1176 2039 1230 arbi-

316 1271 402 1308 tri.
468 1247 841 1306 Imbecillitatem
857 1261 1016 1299 tamen
1032 1248 1244 1299 nostram
1260 1249 1313 1299 ὃς
1339 1248 1510 1299 mentis
1526 1250 1579 1299 δε
1594 1246 1758 1298 calami
1774 1246 1900 1298 ultro
1925 1263 2042 1317 pro-³

333 1323 552 1377 fitemur5
575 1314 693 1389 quid
715 1315 846 1366 enim
865 1315 1085 1366 nostrum
1101 1315 1152 1366 in
1169 1313 1289 1366 orbe
1307 1314 1571 1389 perfeetum
1589 1317 1616 1368 ‘3
1641 1333 1695 1366 ut
1715 1315 1809 1367 vita
1822 1355 1834 1374 ,
1851 1314 1914 1366 fic
1930 1314 2040 1367 scri·

334 1406 415 1464 pta
433 1404 591 1441 errore
605 1402 712 1437 non
728 1397 906 1436 vacant.
971 1381 1115 1435 Unde
1131 1384 1184 1434 δε
1199 1382 1318 1435 mihi
1328 1401 1490 1453 parces
1500 1382 1653 1442 facile,
1670 1383 1752 1454 qui
1768 1385 1820 1434 ὅ(
1834 1380 2037 1434 scriben-

334 1460 370 1511 ti
387 1454 471 1510 tibi
485 1457 612 1526 parci
629 1450 754 1508 velis,
819 1452 897 1502 Tu
911 1450 1099 1502 interim
1115 1447 1351 1503 benevole
1358 1454 1536 1502 Lector
1557 1453 1610 1501 &
1626 1469 1786 1521 aequus
1803 1469 1961 1502 rerum
1977 1469 2036 1502 ae-

335 1527 550 1580 stimator
574 1521 636 1573 fic
662 1517 949 1589 opusculum
972 1517 1070 1570 hoe
1084 1518 1226 1571 velim
1241 1518 1487 1593 pervolvas
1505 1558 1517 1577 ‚
1534 1535 1587 1569 ut
1605 1517 1725 1569 dum
1741 1517 2039 1577 intellectum

333 1588 667 1661 Philosophica
682 1585 824 1657 pascis
850 1585 1148 1645 curiositate,
1174 1604 1390 1638 animum
1414 1605 1508 1637 una
1529 1586 1577 1637 in
1600 1585 1922 1638 admirandam
1939 1590 2038 1640 Au·

335 1662 486 1715 thoris
503 1663 697 1711 Natura:
724 1654 994 1725 sapientiam
1017 1652 1194 1705 obtutu
1219 1670 1487 1713 convertas,
1508 1669 1697 1724 utpote,
1719 1673 1824 1725 quae
1841 1672 1944 1705 non
1961 1654 2035 1708 so-

336 1732 440 1787 lum
456 1731 505 1780 -in
515 1725 700 1799 magnis
715 1720 1003 1796 magna‚sed
1014 1724 1067 1773 &
1084 1723 1133 1773 in
1150 1722 1357 1773 minimis
1372 1723 1576 1773 maxima
1585 1721 1770 1773 relucet.
1834 1725 1968 1773 Nam
1983 1741 2037 1777 ut

336 1818 443 1853 non
453 1796 610 1849 minus
625 1790 852 1865 sapienter
860 1807 915 1863 ac
924 1790 997 1860 pie
1006 1788 1315 1863 sagacissimus
1329 1793 1670 1841 Meteororum
1679 1790 2034 1858 contemplator

336 1861 643 1922 Fromondus
667 1873 851 1934 inquit:
876 1856 986 1909 ideo
1009 1874 1175 1909 natura
1186 1898 1203 1917 ,,
1226 1873 1307 1908 aut
1326 1874 1506 1909 'naturae
1529 1855 1721 1909 Author
1744 1860 1910 1911 DEUS
1933 1858 2034 1913 haec

337 1933 558 2010 prodigia
582 1927 785 1983 coelestia
799 1967 812 1985 ‚
842 1928 895 1978 ὃς
913 1926 1032 1977 mira
1051 1926 1101 1977 in
1119 1924 1249 1977 coelo
1265 1923 1584 1996 phaenomena
1609 1926 1658 1975 in
1679 1925 1775 1977 alto
1792 1926 2046 1998 suspendit,

335 2020 481 2078 atque
498 1998 648 2052 oculis
665 1995 834 2048 nostris
857 1993 1088 2114 εΧὲίοΓυίῑ,
1102 2010 1156 2044 ut
1172 1993 1504 2064 suspiceremus
1523 1994 1759 2044 Creatoris
1780 1996 1830 2045 in
1846 1994 2034 2054 mirabi-

351 2112 353 2116 .
426 2108 429 2109 γ
467 2066 588 2123 libus
603 2062 885 2140 Sapientiam
969 2063 1275 2131 Maiestatem.
1360 2060 1433 2113 Sic
1448 2061 1591 2135 igitur
1604 2079 1720 2114 meo
1743 2060 1908 2116 labore

1009 2128 1163 2183 fruere
1181 2132 1234 2181 ὅ(
1250 2128 1362 2183 vale.

1801 3080 1803 3083 ’
1863 3104 2039 3174 Dis-
