2087 3610
629 206 1197 280 Philosophico-Politica.
1688 233 1770 286 139

0 296 2 326 i
54 311 122 347 510.
134 299 245 349 inquit
259 296 440 334 Cardanus
449 296 505 335 lib.
514 307 565 344 ¹4·
572 307 603 333 c.
610 307 665 343 72.
675 298 797 334 ecoelo
813 298 942 346 lapides
959 298 1096 334 circiter
1109 298 1205 333 mille
1219 299 1394 334 ducentos
1408 300 1442 336 in
1459 313 1579 350 agrum
1587 301 1696 338 fluvio
1707 305 1779 340 Ad..

55 351 132 386 duae
146 347 403 385 conterminum
420 343 575 392 dejectos
588 368 600 386 ,
623 357 666 381 ex
681 347 735 382 his
759 359 869 382 unum
885 358 953 385 120.
969 349 1109 394 pondo,
1124 347 1227 382 alium
1248 349 1305 383 60.
1321 347 1424 383 delati
1448 351 1588 386 luerunt
1608 354 1649 386 ad
1675 353 1778 401 Regis

53 397 233 434 Gallorum
249 394 328 430 satra
355 405 389 429 as
405 405 469 442 pro
487 394 655 430 miraculo
670 395 833 443 plurimi,
849 394 950 430 color
963 396 1197 445 ferrugineus,
1211 396 1355 431 durities
1366 397 1489 432 eximia
1505 421 1516 437 ,
1535 400 1625 434 odor
1640 402 1776 447 lulphu-

51 457 141 483 reus·
189 443 300 480 Praece
328 453 400 478 erat
412 443 448 478 in
461 443 555 478 coelo
572 443 659 492 ignis
674 445 795 492 ingens
812 444 898 478 hor‘ssi
913 445 1012 478 tertia
1028 457 1039 488 ς
1063 445 1302 479 decidentium
1319 444 1473 492 lapidum
1496 446 1653 493 strepitus
1686 450 1773 484 hora

53 494 171 543 quinta
177 492 367 531 exauditus,
376 500 413 526 ut
421 491 547 526 mirum
557 491 594 526 lit
603 492 697 526 horis
707 493 840 526 duabus
851 500 981 526 tantam
991 491 1121 526 molem
1133 492 1167 526 in
1177 498 1256 527 aere
1264 492 1414 527 sustineri
1424 494 1581 541 potuisse,
1591 494 1635 528 ita
1647 495 1777 532 Carda-

35 553 129 581 .nus.
175 540 296 576 Subdit
305 540 450 574 deinde:
465 540 554 574 intra
562 540 682 588 viginti
695 538 831 575 menses
865 538 1031 574 ulliGalli.
1080 539 1251 575 Triennio
1267 540 1343 588 post
1357 541 1479 576 reversi
1498 542 1589 576 varia
1597 543 1691 589 prius
1705 544 1775 578 sor·

36 592 154 630 'tunm
166 589 248 625 inde
259 587 386 623 iterum
400 587 501 635 pulsi,
518 589 562 623 ad
577 588 754 623 excidium
768 599 831 635 pro
860 587 949 642 igati.
1004 588 1095 623 Urbs
1118 588 1248 629 noi-ira,
1265 589 1300 624 in
1314 586 1413 635 cujus
1427 588 1553 625 finibus
1567 590 1776 627 deciderunt

47 638 194 687 lapides,
209 635 450 685 veffigalibus,
463 637 647 676 incendio,
663 637 770 675 lame,
779 635 959 671 obsidione
967 658 976 675 ,
990 636 1085 684 peste
1094 648 1272 684 nunquam
1283 637 1363 672 alias
1372 647 1492 673 vexata
1501 638 1648 687 gravibs.
1674 639 1709 673 Fi
1721 651 1778 674 rro

46 684 164 737 pluisse
175 686 211 721 in
220 684 370 721 Lucanis
384 696 480 720 anno
494 685 715 732 praecedente
729 683 862 720 cladem
877 695 953 719 eam
964 707 975 723 ,
991 684 1058 732 qua
1076 684 1126 721 M.
1136 683 1273 720 Crassus
1291 685 1311 720 a
1325 685 1459 721 Parthis
1469 687 1696 734 interemptus
1713 687 1772 726 est,

47 733 241 818 omnesque
258 744 341 769 cum
358 745 402 768 eo
429 733 554 768 milites
568 732 720 772 Lucani,
735 743 886 780 quorum
900 743 1047 780 magnus
1063 732 1097 767 in
1113 734 1269 768 exercitu
1280 744 1446 769 numerus
1455 744 1526 769 erat
1539 756 1550 774 ,
1563 735 1705 769 Author
1719 734 1778 774 est,

46 781 174 820 Plinius
192 803 203 823 ,
217 793 248 820 2.
258 793 289 818 c.
302 783 351 826 56.
367 781 425 817 sub
439 782 569 818 Severo
584 779 793 828 imperatore
806 803 817 821 ,
831 790 870 815 ut
885 781 981 816 Dion
1001 780 1157 816 recenset
1171 804 1181 821 ,
1202 782 1324 817 Romae
1346 781 1458 830 pluvia
1468 792 1629 829 argentea
1639 782 1772 830 delapla

45 829 142 869 estad
154 830 271 866 forum
279 829 442 879 Augusti,
457 839 529 875 quo
545 839 625 863 rore
633 838 818 877 argenteo,
834 829 892 863 ubi
909 829 1027 877 cuprei
1041 830 1176 864 nummi
1196 829 1314 871 obliti,
1330 825 1535 880 argenteum
1557 829 1715 865 colorem
1733 831 1777 865 ad

44 879 183 917 tertium
195 877 302 927 usque
315 881 408 914 diem
424 877 660 916 retinuerunt,
675 887 799 924 quarto
815 886 932 912 autem
955 877 1012 912 die
1027 888 1211 927 argenteus
1228 878 1329 914 color
1345 879 1494 914 omnino
1512 879 1671 916 evanuit,
1688 882 1774 914 Am-

44 926 227 967 minanus,
251 928 380 962 author
399 923 447 960 est
466 924 524 959 lib.
541 935 588 969 17.
608 924 917 1008 apudilonstonum
941 925 976 960 in
993 925 1336 976 Thaumatographia
1362 938 1447 962 auro
1471 926 1588 975 pluiffe
1615 927 1650 961 in
1668 926 1778 963 Insula

42 973 200 1025 Belagia,
212 975 311 1022 quod
327 983 445 1009 tamen
462 973 556 1008 haud
578 973 637 1008 diu
659 984 703 1009 co
719 985 817 1008 orem
841 985 986 1008 aureum
1006 974 1160 1010 retinuit.
1217 974 1410 1024 Gregorius
1430 975 1480 1010 M.
1501 975 1559 1013 lib.
1582 987 1618 1021 4.
1641 975 1728 1010 Dial.
1742 986 1774 1014 c,

41 1024 90 1071 36.
104 1022 216 1059 scribit
255 1020 307 1057 ost
321 1022 429 1056 diram
448 1021 578 1069 pestem
598 1022 718 1056 Rornae
741 1034 866 1071 magna
881 1023 1067 1058 hominum
1084 1022 1194 1072 strage
1243 1022 1390 1059 eraeiam
1411 1023 1543 1072 sagittas
1567 1025 1610 1058 ad
1625 1025 1774 1059 modum

35 1070 162 1122 pluviae
171 1081 228 1106 coe
243 1082 265 1106 o
282 1067 443 1116 dejectas.
493 1069 602 1117 Julius
617 1069 813 1118 Obsequius
830 1071 966 1119 prodig.
986 1081 1056 1116 107.
1066 1081 1180 1106 narrat
1192 1094 1202 1111 ,
1217 1035 1342 1108 l'tomae
1360 1072 1546 1119 aliquando
1568 1072 1661 1106 creta
1681 1095 1691 1110 ‚
1715 1072 1782 1106 sive

40 1119 195 1157 coetacest
207 1119 280 1155 terii
295 1116 432 1165 pluisse,
449 1129 554 1166 quam
576 1119 748 1153 iniecutus
764 1118 811 1153 est
826 1131 936 1153 annus
947 1119 1064 1154 fertilis
1072 1120 1323 1158 acfoecundus.
1373 1119 1464 1154 Pluit
1485 1119 1586 1154 etiam
1599 1130 1724 1153 manna
1742 1130 1776 1153 a-

40 1166 375 1250 liquandouAtdrebati
382 1167 428 1249 sin
442 1166 572 1202 Attefia
585 1189 595 1206 ,
612 1168 710 1214 quod
726 1167 857 1202 ibidem
871 1168 1063 1203 etiamnum
1077 1169 1294 1216 perseverare
1305 1189 1317 1209 ,
1341 1166 1378 1204 ἀ
1396 1168 1570 1216 integrum
1586 1166 1708 1204 servari
1723 1166 1772 1202 di-

39 1223 138 1252 citur.
233 1226 256 1250 n
282 1226 302 1250 e
318 1226 379 1250 ver
394 1225 452 1252 us:

239 1264 424 1306 Atrebati
446 1277 595 1304 mamm
618 1282 629 1304 .·
662 1264 785 1304 Romae
798 1261 897 1319 pluit
905 1264 1032 1305 undio
1035 1263 1158 1322 fizcra
1169 1297 1180 1315 ,

240 1320 457 1378 Jerufizlem
458 1319 622 1378 sanguis
643 1337 652 1366 3
676 1321 851 1379 quaeJimt
865 1322 947 1363 tria
969 1321 1070 1364 dona
1079 1321 1236 1380 salutis,

131 1377 229 1414 Solet
244 1379 346 1414 etiam
364 1379 397 1414 in
410 1378 557 1414 Polonia
572 1378 801 1426 menlejunio
811 1378 944 1427 &julio
960 1379 1278 1428 mannadepluere,
1292 1388 1332 1415 ut
1340 1379 1421 1415 varii
1431 1379 1563 1414 docent
1573 1379 1759 1420 Authores,

38 1425 224 1475 herbisque
236 1427 282 1462 de
299 1426 406 1463 noete
420 1427 520 1462 instar
533 1429 619 1462 roris
638 1429 850 1463 incumbere.
903 1427 985 1464 Hoc
1000 1437 1117 1463 autem
1133 1438 1213 1464 ante
1221 1427 1309 1463 Solis
1324 1438 1441 1463 ortum
1459 1428 1571 1463 cribro
1582 1427 1763 1476 colligunt,

37 1477 209 1515 tundunt,
228 1477 317 1523 aqu&
327 1475 490 1516 miscent,
504 1475 539 1511 ὅ(
557 1477 591 1511 in
601 1476 806 1510 alimentum
822 1475 960 1510 [innunt
972 1476 1122 1511 admixta
1138 1477 1256 1514 farina.
1306 1476 1444 1511 Fatetur
1455 1475 1643 1511 Cornelius
1652 1477 1669 1510 a
1680 1476 1764 1523 Lap.

38 1523 151 1560 sehoc
164 1535 291 1560 manna
305 1523 423 1559 vidisse
436 1547 446 1564 ,
462 1523 598 1572 esseque
612 1523 714 1558 instar
728 1524 862 1558 leminis
878 1524 983 1563 milii,
1003 1534 1108 1572 atque
1129 1525 1256 1560 referre
1279 1523 1433 1572 saporem
1459 1524 1574 1572 punici
1592 1536 1603 1568 3
1627 1524 1759 1559 includi

34 1571 190 1611 {biliculo
205 1572 242 1608 δε
256 1571 378 1608 colore
387 1574 520 1609 rubere.
571 1572 782 1608 Vincentius
799 1571 871 1607 hist.
882 1572 990 1618 lib.23.
1007 1574 1131 1612 refert,
1148 1573 1181 1607 in
1191 1572 1382 1620 Campania
1399 1573 1554 1611 hordeo,
1571 1572 1715 1621 siligine,
1725 1584 1760 1607 a·

35 1619 317 1670 liisquefrugibus
330 1620 459 1669 pluisse.
509 1619 629 1656 Caroli
643 1620 762 1669 Magni
777 1619 877 1669 stirpe
893 1620 926 1654 in
938 1620 1326 1668 decedenteArnulpho
1344 1620 1514 1660 extinfi‘m,
1538 1621 1619 1656 cum
1629 1622 1671 1655 ad
1685 1620 1763 1656 Hu-

34 1680 164 1719 gonem
173 1669 347 1717 Capetum
361 1669 481 1705 Galliae
496 1669 658 1717 Regnum
673 1668 880 1704 devolutum
896 1667 994 1709 esset,
1009 1669 1142 1705 coelum
1158 1669 1266 1718 ipsum
1281 1669 1489 1717 applaudere
1502 1668 1614 1704 voluit
1631 1681 1643 1714 3
1664 1678 1762 1704 novo

37 1717 131 1755 enim
144 1718 292 1768 prodigii
301 1729 431 1766 genere
446 1730 550 1766 quam
577 1717 706 1753 timum
720 1717 900 1753 frumento
916 1717 951 1753 ὅ(
966 1729 1027 1765 per
1042 1717 1174 1766 aliquot
1189 1718 1260 1754 dies
1268 1718 1436 1766 pisciculis
1453 1718 1556 1752 etiam
1571 1716 1668 1765 pluit.
1718 1717 1760 1752 E-

36 1767 170 1817 gnatius
192 1766 249 1802 lib.
264 1779 290 1811 5.
306 1778 336 1805 c.
351 1769 382 1802 6.
399 1766 435 1802 ὅ(
450 1730 574 1803 Sabelli
587 1766 607 1804 1.
622 1778 644 1804 ι.
659 1777 690 1803 c.
706 1778 742 1813 4.
756 1777 850 1801 anno
867 1777 946 1810 ¹550·
964 1776 1002 1802 ut
1016 1775 1190 1802 memorat
1204 1766 1441 1814 Lycosthenes
1463 1764 1580 1813 aliquo
1600 1775 1762 1814 tempore

34 1825 113 1852 ante
122 1814 248 1851 Pascha
261 1815 378 1850 mense
384 1815 512 1851 Martio
526 1816 559 1849 in
569 1814 746 1851 Carinthia
761 1815 870 1869 prope
879 1814 1146 1870 Clagenfurtum
1156 1814 1191 1850 ὃ(
1200 1814 1374 1851 Villacum
1389 1816 1530 1850 annona
1544 1813 1648 1862 pluit;
1663 1814 1759 1849 unde

36 1863 137 1900 etiam
147 1864 271 1912 optimi
286 1875 392 1911 panes
406 1862 498 1900 coeii
509 1864 664 1904 fuerunt,
673 1863 732 1911 qui
741 1874 814 1910 ejus
829 1863 982 1912 regionis
991 1860 1180 1899 necestitati
1195 1863 1349 1912 apprime
1358 1864 1617 1899 conduxerunt.
1642 1862 1758 1898 Omit-

35 1919 74 1948 ω
86 1911 217 1960 pluvias
229 1912 353 1952 Serici,
368 1912 515 1948 telarum
529 1911 699 1947 linearum
712 1934 722 1951 ,
737 1911 838 1952 lanae,
855 1912 988 1959 papyri,
1003 1910 1038 1947 ὅ(
1053 1911 1222 1950 similium,

130 1960 179 1995 Ex
193 1960 244 1995 his
258 1959 356 1996 dictis
369 1960 406 1996 <St
419 1961 631 1996 enumeratis
645 1960 769 2008 pluviis
785 1959 989 2010 prodigiQHs
1004 1959 1141 1995 resultat
1171 1958 1330 2008 quaestio,
1345 1959 1531 2008 quomodo
1553 1957 1678 2006 pluviae
1692 1957 1759 1994 issae

35 2005 330 2057 lbrrnaripoffint,
349 2022 393 2044 an
408 2009 538 2045 viribus
556 2019 684 2044 naturae
696 2031 707 2048 ,
727 2007 782 2043 vel
798 2008 1072 2044 extraordinario
1089 2008 1165 2044 DEI
1189 2007 1376 2049 concursu,
1395 2007 1431 2045 ὅ(
1445 2017 1563 2044 utrum
1583 2018 1672 2044 vera:
1696 2007 1761 2043 sint

34 2056 175 2106 pluviae,
190 2056 243 2092 vel
260 2058 396 2092 tantum
411 2067 626 2106 apparentes.
685 2057 781 2093 Huic
795 2055 935 2104 qua-fito
949 2066 988 2092 ut
1003 2056 1154 2096 satisfiat,
1169 2057 1208 2093 lit
1752 2071 1759 2092 i

130 2104 320 2142 Conclusio
342 2106 453 2144 tertia.
517 2104 728 2141 Naturaliter
747 2105 955 2154 contingere
969 2114 1162 2153 potuerunt
1179 2104 1296 2140 multae
1317 2115 1359 2140 ex
1373 2103 1542 2153 praediffis
1580 2103 1761 2153 rodigiosae

58 2152 156 2189 luviae
171 2175 183 2193 ,
205 2154 250 2189 ita
262 2163 302 2189 ut
324 2153 464 2189 formari
491 2165 544 2192 ex.
560 2165 610 2203 gr.
625 2154 912 2202 potueritinaere
925 2164 1027 2189 verus
1048 2154 1196 2202 languis,
1207 2153 1259 2189 lac
1272 2175 1282 2193 ,
1308 2164 1390 2188 caro
1403 2175 1414 2191 ,
1436 2116 1762 2201 animaiiaimperie-

70 2214 88 2238 a
99 2224 110 2242 ,
124 2201 270 2250 lapideS,
284 2202 319 2238 ὅ(
334 2202 396 2238 alia
410 2200 626 2250 hujusmodi.
678 2203 779 2238 Ratio
801 2202 929 2237 horum
947 2202 982 2238 in
996 2213 1126 2250 genere
1142 2202 1190 2238 est
1205 2224 1215 2242 ,
1230 2201 1309 2244 quia
1324 2202 1359 2236 in
1374 2206 1452 2237 aere
1467 2201 1502 2238 ὅ(
1518 2201 1666 2237 nubibus
1682 2201 1756 2248 plu-

33 2250 126 2286 rimae
141 2250 375 2286 exhalationes
397 2263 440 2286 ex
458 2252 575 2286 omnis
597 2251 736 2299 generis
755 2261 844 2286 terra
860 2250 956 2286 velut
976 2250 1154 2300 argillacea
1166 2273 1177 2290 ,
1197 2249 1348 2299 petrosa,
1364 2249 1490 2285 nin-osa
1503 2272 1513 2290 ,
1529 2249 1758 2290 bituminosa,

33 2297 259 2344 metallissern
286 2298 435 2335 limiliter
451 2311 494 2335 ex
511 2300 627 2335 omnis
644 2299 782 2348 generis
797 2298 921 2347 plantis
936 2321 946 2338 ,
961 2300 1140 2335 arboribus
1154 2322 1165 2339 ,
1184 2299 1373 2338 radicibus,
1390 2298 1503 2334 herbis
1516 2321 1527 2338 ,
1550 2297 1586 2333 ὃ(
1604 2297 1755 2333 animali-

33 2347 98 2383 bus
119 2348 255 2382 effluvia
277 2346 353 2383 lunt
372 2348 557 2396 vaporibus
577 2346 740 2396 adjun&a
752 2371 763 2388 ,
785 2348 804 2383 a
825 2348 949 2395 quibus
964 2347 1052 2384 kasta
1066 2347 1260 2384 afflvorum
1278 2344 1412 2396 paffivis
1431 2346 1664 2395 applicatione
1682 2347 1759 2382 haee

33 2395 138 2432 mixta
175 2396 305 2431 enerari
321 2406 521 2444 potuerunt.

163 2443 317 2480 onclulio
333 2455 462 2492 quarta.
513 2445 610 2490 Saepe
625 2454 743 2480 tamen
758 2455 832 2479 non
845 2444 922 2480 sunt
935 2455 1024 2480 verae
1038 2444 1181 2493 pluviae,
1195 2443 1252 2480 sed
1265 2453 1468 2493 apparentes
1483 2454 1525 2480 ex
1539 2454 1600 2483 eo,
1614 2443 1710 2491 quod
1720 2441 1758 2478 il-

33 2490 74 2528 1ae
86 2503 158 2532 ree,
176 2492 313 2540 quaevel
331 2494 363 2528 in
381 2493 495 2542 pluvia
509 2493 694 2533 decidunt,
712 2493 744 2527 vi
760 2503 946 2528 ventorum
962 2493 997 2528 in
1014 2493 1365 2532 sublimiavehantur,
1381 2492 1417 2528 ὅ(
1431 2491 1607 2528 interdum
1624 2503 1666 2527 ex
1676 2491 1753 2526 lon.

34 2539 169 2590 ginquis
182 2540 268 2576 locis
284 2542 453 2581 ferantur,
470 2554 510 2578 ac
518 2541 633 2590 postea
651 2542 814 2577 decidant
827 2554 838 2586 ς
852 2541 905 2576 vel
922 2541 939 2576 ἐι
954 2541 1070 2577 calore
1079 2541 1185 2580 Solis,
1201 2540 1438 2590 &aptitudine
1451 2540 1600 2576 materiae
1616 2540 1660 2575 ita
1674 2551 1753 2575 mu·
1788 2562 1789 2565 =

34 2598 166 2630 tentur,
181 2600 220 2625 ut
233 2589 408 2630 colorem,
422 2590 478 2626 vel
495 2591 675 2630 duritiem,
688 2590 742 2625 vel
753 2588 897 2639 figuram
912 2589 1046 2625 illarum
1060 2601 1176 2626 rerum
1193 2590 1364 2636 referant;
1378 2590 1427 2625 Ex
1443 2589 1495 2625 his
1504 2590 1638 2625 duabus
1654 2588 1755 2625 Con-

35 2635 238 2674 clufionibus
251 2639 402 2688 genesim
419 2639 452 2674 in
463 2640 570 2687 specie
584 2638 857 2687 prodigiosarum
874 2637 1067 2686 pluviarum
1081 2638 1241 2674 resolves.

126 2685 254 2722 Primo.
306 2687 418 2723 Laffis
434 2686 472 2723 fit
487 2687 601 2735 pluvia
613 2710 623 2727 ‚
640 2689 781 2735 quando
799 2683 1039 2723 intenliliimus
1052 2687 1142 2722 Solis
1162 2686 1256 2722 calor
1271 2685 1326 2723 vel
1341 2697 1384 2722 ex
1400 2685 1577 2734 pecudum
1591 2684 1756 2720 uberibus

37 2730 88 2769 lac
99 2734 286 2771 extractum
303 2747 383 2771 cuin
403 2736 542 2784 reliquis
566 2737 710 2771 nubium
725 2736 877 2783 partibus
892 2735 1013 2771 miscet
1024 2758 1036 2775 ,
1049 2735 1104 2772 vel
1117 2746 1283 2783 vaporem
1297 2734 1596 2771 &exhalationem
1613 2743 1654 2768 ex
1667 2742 1757 2768 terra

40 2791 187 2819 cretacea
206 2783 250 2820 ita
258 2785 442 2832 percoquit
455 2807 464 2823 ,
480 2794 518 2819 ut
533 2783 626 2820 laffis
640 2784 756 2820 album
771 2783 923 2819 calorem
932 2784 1063 2821 induat.
1114 2782 1307 2819 Gass'endus
1319 2792 1434 2831 putat,
1449 2781 1591 2818 laeteam
1600 2781 1753 2830 pluviam

39 2829 120 2866 nihil
135 2829 199 2867 else
212 2832 303 2868 aliud
319 2855 329 2872 ‚
345 2833 448 2881 quam
463 2833 600 2868 tantum
616 2833 862 2868 candescentes
874 2843 980 2880 aquas
993 2855 1005 2873 ,
1018 2833 1075 2868 cui
1097 2831 1259 2868 nonnihil
1281 2832 1452 2881 plumbeae
1469 2830 1693 2876 materiaegaut
1708 2829 1756 2866 sa·

38 2874 78 2913 lis
91 2878 220 2916 Saturni
238 2892 320 2916 cum
334 2881 496 2917 halinitro
512 2880 548 2918 ὅ(
561 2891 662 2917 aceto
677 2881 870 2917 admixtum
881 2880 929 2916 lit.

100 2956 103 2959 »
131 2927 302 2967 Secundo.
359 2930 536 2979 Sanguine
557 2929 678 2976 pluere
697 2928 828 2977 potest,
847 2929 988 2977 quando
997 2928 1056 2964 Sol
1065 2928 1118 2965 vel
1129 2940 1171 2964 ex
1180 2928 1327 2977 campis,
1342 2928 1399 2963 ubi
1415 2937 1549 2976 magna:
1574 2925 1698 2976 strages
1714 2937 1750 2962 e-

39 2973 164 3012 duntur
171 2977 242 3017 ,vel
251 2989 293 3013 ex
309 2977 396 3014 locis
409 2978 542 3026 aquosis
552 2977 687 3014 inseetis
695 2979 864 3013 rubedine
878 2988 1022 3025 vapores
1034 2977 1238 3026 sanguineos
1248 2976 1342 3012 elicit
1351 2976 1385 3012 ὅ(
1394 2975 1548 3015 attrahit,
1555 2975 1609 3010 vel
1618 2973 1677 3010 suo
1687 2975 1751 3010 im-

38 3023 153 3060 menso
168 3025 282 3062 calore
296 3038 460 3074 vaporem
469 3038 620 3075 aqueum
636 3027 681 3062 ita
696 3027 881 3075 percoquit
893 3049 904 3066 ,
918 3036 958 3062 ut
974 3037 1050 3072 quae
1064 3026 1146 3061 inde
1161 3025 1339 3061 descendit
1352 3036 1454 3072 aqua,
1469 3023 1627 3059 colorem
1640 3023 1752 3070 capiat

34 3071 177 3108 rubeum
193 3086 204 3119 3
218 3073 254 3110 <Sc
267 3074 356 3122 quali
372 3073 426 3110 lan
453 3076 616 3115 uineum,
630 3075 776 3123 perinde
788 3085 892 3122 atque
905 3075 954 3110 un'
961 3086 1003 3110 na
1012 3074 1280 3111 febricitantium
1296 3072 1490 3109 immodico
1503 3071 1620 3109 calore
1646 3073 1746 3107 rube-

33 3117 110 3164 icit,
118 3120 314 3159 &lixivium
322 3135 384 3173 pet
391 3088 522 3162 cnfidos
535 3124 670 3174 eineres
684 3124 838 3162 colatum
849 3122 992 3208 ligailem
1000 3122 1158 3161 colorem
1169 3121 1283 3162 trahit.
1607 3167 1642 3204 T
1697 3167 1723 3178 η

921 3184 944 3210 a·
1643 3177 1749 3206 ertio:
