2087 3610
306 259 392 313 162
991 254 1355 327 Meteorologia

311 337 380 365 tur,
391 320 483 366 ᾧκύς
492 323 585 358 enim
600 324 691 360 celer
706 324 763 360 est.
814 323 885 358 Hic
898 332 1009 358 totam
1023 335 1083 370 per
1101 324 1291 359 circuitum*
1305 335 1429 359 terram
1447 323 1549 361 instar
1564 325 1682 373 magni
1698 324 1735 361 ὅ(
1755 322 1902 360 latiffimi
1915 323 2033 360 circuli
2069 315 2071 330 *

314 382 440 420 ambit,
458 378 633 425 efficitque
650 387 687 412 ut
708 387 797 412 terra
814 376 908 423 supra
922 375 1052 411 &infra
1068 376 1105 411 fit
1112 376 1324 424 aquistes'm,
1334 377 1439 424 idque
1452 388 1495 413 ex
1505 377 1572 413 Dei
1582 375 1693 423 jussu,
1704 387 1779 413 tum
1788 379 1831 412 ad
1842 375 2028 424 perfeffio-

313 441 396 465 nem
407 429 442 464 &
457 436 620 463 ornatum
634 425 878 463 univerfi‚tum
894 424 928 458 in
944 423 1137 471 plantarum
1153 447 1163 464 ,
1184 434 1260 460 tum
1276 425 1312 459 in
1322 423 1550 460 animantium
1565 425 1675 464 usum.
1726 425 1908 473 Hicprout
1918 423 2036 471 postea

313 479 421 514 varias
435 474 558 512 mundi
573 473 688 522 plagas
699 473 733 508 ὅ(
745 473 919 521 Regiones
934 473 1088 512 oberrat,
1095 473 1276 508 variainde
1284 473 1428 508 nomina
1444 472 1580 509 sortitus
1591 473 1648 510 est·
1698 476 1751 508 Ac
1761 474 1874 520 primo
1885 481 2035 520 quatuor

315 525 579 574 appellationeS,
590 531 631 555 ex
642 531 790 567 quatuor
806 520 931 554 mundi
939 519 1152 568 Regionibus
1160 521 1304 568 accepit.
1356 522 1411 556 Ab
1423 521 1559 557 oriente
1568 521 1660 557 Eous
1670 521 1812 561 dicitur,
1820 522 1861 563 ab
1870 521 2032 556 occiden-
2083 535 2087 562 l

314 585 351 610 te
364 574 547 610 Occiduus
561 593 571 609 ,
591 570 610 604 a
622 569 770 619 Meridie
784 568 914 603 Notius
929 590 939 608 ,
954 568 1021 605 sive
1034 569 1186 604 Noricus
1202 591 1212 608 ,
1226 569 1245 604 a
1257 569 1502 618 Septentrione
1516 569 1813 616 Septentrionalis.
1872 569 2035 604 Secundo
2068 577 2069 581 ¹

314 632 421 670 prout
436 621 564 656 deinde
578 626 753 665 quamque
762 616 943 664 regionem
958 616 1154 664 perfundit,
1175 616 1305 653 diversa
1322 616 1521 652 alittoribus
1537 616 1601 652 suis
1613 617 1714 652 traxit
1722 616 1901 653 vocabula.
1941 616 2036 652 Hinc
2069 629 2081 662 ff

319 670 537 717 AEthiopicus
545 664 755 704 Atlanticus,
770 665 951 711 Scythicus
961 687 971 704 ,
981 665 1215 706 Britannicus,
1227 664 1476 706 Germanicus,
1491 663 1645 701 Gallicus
1662 665 1785 712 dictus.

411 719 510 754 Mare
519 714 814 750 Mediterraneum
834 712 1096 754 illudvvocatur,
1106 715 1203 760 quod
1218 724 1261 748 ex
1275 724 1411 748 oceano
1426 724 1628 761 erumpenS,
1647 725 1708 761 per
1718 712 1963 757 mediasterras
1973 710 2037 747 dis·
2069 713 2076 745 ¹.

315 766 490 810 funditur,
503 763 539 798 &
553 762 727 809 Europam
743 762 783 795 ab
791 761 908 795 Africa
925 760 1155 801 disterminat,
1171 760 1451 809 distribuiturque
1465 761 1501 796 in
1509 761 1617 796 multa
1632 761 1753 801 maria,
1768 761 1960 800 Ibericum,
1977 761 2038 796 Ba-

316 811 480 850 learicum
488 835 499 852 ,
510 809 721 858 Ligusticum
729 832 739 848 ,
750 808 923 844 Gallicum
937 808 974 844 ὅ(
981 809 1211 857 Adriaticum.
1242 809 1408 859 >Sequitur
1417 821 1501 844 mox
1509 809 1662 845 Siculum
1671 809 1812 857 oblique
1820 807 2036 856 porre&um;
2069 802 2071 840 F

315 863 399 898 inde
407 861 598 898 Creticum,
613 857 668 893 cui
678 858 746 892 una
754 867 898 904 exparte
907 855 1095 904 conjuncta
1103 856 1228 893 suntAE
1253 856 1644 905 yptium2Pamphilium,
1654 858 1830 904 Syriacum
1839 869 1850 902 ;
1859 868 1901 892 ex
1908 857 1970 891 alia
1977 854 2035 892 ΙΕ-
2069 849 2070 893 J

314 923 437 959 geum,
455 909 491 944 &
501 908 699 951 Myrtoum,
713 906 838 953 quibus
854 903 1015 951 objici-tur
1030 917 1073 941 ex
1082 905 1223 942 adverso
1230 869 1368 941 {oritus
1383 905 1505 941 divisus
1520 905 1556 940 in
1565 906 1688 941 multas
1703 916 1836 953 parte53
1852 915 1928 952 pars
1936 904 2038 946 renim
2068 920 2070 931 r

315 959 405 995 illius
415 958 535 993 intima
550 954 690 990 Maeotis
706 953 913 1002 appellatur,
928 952 1200 990 alterainfauces
1209 952 1386 990 contrad‘m
1398 953 1601 1002 Propontis,
1619 952 1830 1002 quaeAliam,
1848 953 2040 1001 Europam„-

315 1018 384 1056 que
403 1005 646 1041 discriminant.

344 1061 347 1064 ⁴
416 1054 513 1089 Mate
529 1053 690 1090 rubrum,
702 1049 799 1097 quod
811 1049 1001 1097 appellatur
1014 1050 1118 1086 etiam
1131 1050 1297 1086 Arabicus
1318 1050 1425 1090 sinus,
1447 1049 1566 1098 incipit
1587 1051 1630 1086 ab
1644 1049 1754 1085 Insula
1762 1050 1954 1089 Socotota,
1971 1048 2038 1096 teri
2066 1075 2069 1092 a

318 1104 538 1149 minaturque
546 1101 589 1136 ad
600 1098 869 1147 septentrionem
879 1099 1010 1146 oppido
1019 1099 1114 1134 Sues.
1167 1099 1284 1134 Habet
1296 1098 1648 1146 longitudinisleucas
1666 1107 1837 1135 trecentas
1856 1091 2041 1146 sexaginta*
2068 1104 2069 1140 ζ

317 1153 373 1188 De
389 1149 462 1197 ejus
470 1161 554 1185 vero
571 1146 899 1196 appellationevaria
907 1148 948 1182 ab
960 1147 1175 1190 Authoribus
1184 1147 1320 1194 prodita
1330 1148 1415 1182 sunt.
1432 1146 1562 1191 Plinius
1573 1146 1630 1183 lib.
1638 1148 1669 1185 6.
1681 1157 1711 1182 c.
1721 1158 1766 1193 23.
1783 1147 1899 1187 Mare,
1915 1145 2041 1193 inquit,
2068 1159 2070 1178 z

318 1201 462 1235 rubrum
473 1199 591 1232 dixere
601 1195 704 1230 nostri
714 1193 827 1230 Graeci
845 1195 1058 1242 Erythraeum
1068 1196 1085 1229 a
1095 1195 1190 1243 Rege
1197 1195 1339 1243 Erythra
1347 1218 1358 1234 ,
1368 1205 1427 1230 aut
1434 1205 1473 1230 ut
1480 1194 1552 1235 alii,
1562 1195 1650 1230 Solis
1658 1194 1852 1242 repercussu
1861 1194 1927 1230 tale
1936 1193 2036 1229 reddi
2068 1203 2087 1256 q

320 1248 441 1283 colore
458 1246 708 1288 existimante53
725 1243 779 1277 alii
792 1244 833 1277 ab
842 1252 1136 1291 arena,⁴terraque
1149 1266 1158 1283 ,
1175 1243 1235 1279 alii
1243 1244 1284 1279 ab
1299 1243 1398 1291 ipsius
1411 1255 1429 1278 a
1455 1254 1506 1279 uae
1524 1252 1654 1278 natura.
1705 1242 1926 1279 Philostratus
1945 1242 2001 1277 lib.
2014 1253 2040 1281 ς.
2067 1250 2085 1293 a,

318 1297 396 1331 vitae
406 1294 601 1343 Apollonii:
619 1293 774 1327 Rubrum
782 1302 894 1330 mare,
901 1291 957 1331 ait,
965 1291 1195 1326 vehementer
1202 1291 1386 1327 caeruleum
1397 1302 1415 1326 e
1443 1292 1620 1329 etradunt.
1645 1291 1782 1327 Solinus
1791 1303 1820 1328 c.
1829 1294 1886 1337 46.
1895 1291 2038 1326 rubrum
2072 1298 2086 1396 ἶ

320 1355 415 1379 mare
424 1367 434 1384 ,
442 1343 538 1390 quod
547 1341 758 1388 Erythraeum
767 1340 808 1374 ab
817 1339 959 1385 Erythra
968 1339 1080 1388 Rege,
1088 1338 1216 1379 Persei,
1225 1339 1261 1375 &
1269 1340 1515 1375 Andromedes
1525 1338 1607 1384 filio,
1617 1351 1690 1375 non
1703 1340 1811 1375 solum
1823 1341 1841 1374 a
1852 1338 1971 1374 colore
1983 1350 2039 1386 apg
2067 1330 2068 1347 ³

320 1392 486 1441 pellatum
497 1392 610 1426 Varro
619 1388 723 1428 dicit,
739 1388 798 1435 qui
812 1386 975 1431 affirmat,
990 1387 1025 1422 in
1038 1387 1154 1423 littore
1169 1388 1270 1423 maris
1280 1387 1372 1423 istius
1384 1389 1520 1427 fontem
1535 1386 1617 1428 esse,
1633 1399 1738 1435 quern
1753 1387 1866 1423 noves
1873 1387 2037 1427 biberint,

320 1450 460 1477 mutent
473 1438 640 1474 vellerum
655 1435 854 1485 qualitatem
868 1458 878 1474 ,
899 1435 935 1471 ὅ(
949 1446 1049 1471 antea
1065 1436 1219 1471 candidae
1230 1437 1392 1471 amittant
1407 1458 1417 1476 ,
1433 1437 1529 1483 quod
1543 1436 1792 1483 fuerint-ulque
1806 1436 1850 1470 ad
1868 1434 2039 1471 haustum.
2081 1475 2083 1478 ,

321 1489 487 1526 Arrianus
497 1494 524 1528 8.
545 1486 719 1535 gestorum
726 1484 912 1520 Alexandri
926 1484 1014 1519 libro
1029 1484 1160 1525 scribit,
1177 1485 1212 1519 in
1220 1485 1304 1519 mari
1313 1484 1567 1519 rubroinsulam
1579 1483 1662 1525 effe,
1676 1484 1750 1524 cui,
1770 1484 1828 1531 qui
1839 1483 2040 1531 primusim—
2076 1483 2085 1534 i

322 1537 453 1585 pei-avit
468 1537 586 1571 Rubro
602 1545 735 1569 nornen
749 1532 817 1567 fuit
832 1554 841 1572 ,
857 1533 898 1567 ab
916 1530 1061 1580 ejusque
1075 1532 1220 1568 nomine
1233 1544 1327 1568 mare
1342 1532 1425 1567 illud
1439 1534 1581 1568 rubrum
1596 1543 1850 1580 nuncupatum,
1904 1531 2038 1566 Verum
2075 1543 2085 1579 r

322 1583 591 1632 controversiam
607 1584 698 1618 hanc
709 1590 822 1619 totam
837 1579 1007 1615 diremisse
1020 1580 1157 1616 videtur
1175 1581 1348 1627 navigatio
1362 1580 1604 1616 Lusitanorum
1617 1603 1628 1621 ,
1643 1580 1720 1628 qui,
1731 1590 1768 1616 ut
1776 1579 2042 1627 traditJoannes
2066 1595 2067 1598 ¹
2084 1607 2087 1610 ,

322 1633 456 1672 Barrius
465 1632 538 1667 hist.
548 1631 622 1669 Indi
631 1630 761 1667 Decad.
770 1641 799 1665 2.
810 1628 867 1664 lib.
877 1634 906 1669 8.
916 1640 990 1676 cap.
999 1640 1022 1664 i.
1032 1629 1117 1663 dum
1126 1641 1221 1664 mare
1230 1628 1314 1664 illud
1326 1630 1499 1678 pervagati
1510 1629 1603 1668 sunt,
1612 1629 1852 1664 observarunt,
1861 1625 2041 1675 aquaseffe„
2066 1594 2086 1684 Ξ

321 1679 480 1730 limpidas
490 1681 524 1716 ὅς
541 1679 656 1714 omnis
663 1677 797 1713 ruboris
815 1687 988 1724 expertes,
1007 1676 1163 1712 colorem
1172 1688 1256 1713 vero
1264 1679 1360 1712 hunc
1376 1677 1602 1725 repraesentari
1618 1676 1728 1711 solum
1740 1689 1781 1713 ex
1795 1677 1904 1712 rubris
1918 1675 2041 1717 arenis,
2065 1687 2087 1718 (a.

323 1731 449 1779 quibus
457 1728 558 1764 maris
575 1727 661 1762 illius
672 1727 801 1761 fundus
811 1724 925 1764 scatet.
970 1726 1027 1761 Ab
1040 1725 1112 1760 hoc
1129 1725 1232 1774 igitur
1246 1725 1366 1760 colore
1382 1737 1476 1761 mare
1484 1727 1626 1761 rubrum
1641 1725 1848 1772 appellatum
1865 1723 1924 1762 est.
2077 1727 2083 1764 l

419 1778 516 1812 Mare
532 1775 703 1811 Persicum
714 1774 834 1821 (quod
845 1773 947 1808 etiam
956 1773 1045 1808 finus
1054 1772 1204 1809 Perlicus
1213 1775 1232 1808 a
1240 1772 1381 1808 Perfidis
1391 1785 1436 1821 po
1465 1772 1527 1808 ulis
1537 1782 1681 1810 vocatur
1689 1796 1698 1812 ,
1709 1785 1803 1808 nunc
1811 1773 2037 1819 Mesendum)
2066 1775 2083 1806 ἰ

324 1839 390 1874 qua
400 1836 494 1874 parte
503 1835 597 1859 mare
612 1823 736 1871 accipit
745 1845 756 1862 ,
772 1821 946 1869 utrimque
956 1821 1258 1870 magnislateribus
1267 1823 1397 1869 grande
1406 1833 1427 1855 o
1460 1822 1530 1856 ium
1540 1821 1629 1869 quali
1640 1821 1775 1857 cervice
1786 1820 2040 1868 complectitur,
2076 1817 2081 1855 ἑ

325 1876 454 1911 deinde
461 1873 558 1910 ten-js
566 1871 663 1907 vastae
675 1882 770 1918 aquae
786 1869 940 1917 portioni
951 1870 1155 1914 cedentibus
1165 1881 1293 1918 magno
1307 1869 1464 1905 littorum
1480 1871 1564 1905 orbe
1571 1870 1685 1905 reddit
1692 1869 1783 1917 quasi
1791 1870 1940 1907 formam
1947 1868 2039 1916 capi·
2079 1882 2082 1900 1

325 1925 369 1960 tis
383 1923 547 1959 humani.
561 1922 665 1956 habet
675 1918 902 1968 longitudinis
919 1918 1136 1959 circiter280.
1147 1917 1291 1953 Leucas.
2035 1954 2037 1957 ι
2084 1914 2086 1917 ’

377 2009 379 2011 ,
424 1971 523 2007 Mare
531 1970 693 2017 Caspium
701 1990 711 2007 ,
721 1967 776 2002 seu
785 1967 989 2014 Hyrcanum
998 1967 1126 2002 dicitur
1133 1967 1151 2001 a
1160 1966 1334 2014 Caspiis&
1342 1966 1514 2014 Hyrcanis
1524 1966 1721 2007 montibus,
1743 1966 1834 2003 inter
1842 1976 1931 2014 quos
1932 1962 2040 2012 jacet.
2076 1978 2081 1982 “

325 2020 476 2057 Videtur
485 2030 556 2053 non
572 2029 641 2053 tam
651 2015 716 2051 effe
730 2026 842 2055 mare,
852 2026 955 2062 quam
964 2014 1058 2062 palus
1074 2013 1468 2050 multorum-fluminum
1482 2014 1652 2050 concursu
1668 2014 1823 2063 stagnans
1836 2037 1847 2055 ,
1866 2014 1945 2062 quia
1956 2024 2038 2050 cum

324 2068 459 2115 reliquo
469 2067 553 2102 mari
562 2077 634 2101 non
643 2064 689 2100 est
698 2061 958 2110 conjundumff
954 2063 997 2098 ed
1005 2064 1162 2110 undique
1169 2063 1318 2112 cingitur
1326 2073 1541 2110 oerrameque
1549 2062 1615 2098 ulla
1624 2074 1666 2098 ex
1674 2073 1768 2110 parte
1777 2072 2038 2111 patentetcom-
2057 2074 2065 2080 ⁴*

329 2117 485 2154 municat
502 2127 583 2150 curn
593 2113 727 2161 reliquo
735 2112 830 2147 mari.
881 2110 1080 2147 Existimant
1087 2122 1202 2147 tamen
1210 2109 1392 2160 gravisfimi
1404 2112 1597 2151 Authores,
1615 2111 1800 2146 Oceanum
1809 2110 1970 2146 Indicum
1979 2120 2040 2157 pet
2056 2142 2058 2147 .

328 2164 484 2202 canalem
499 2163 756 2199 subterraneum
765 2161 801 2196 in
810 2159 919 2207 ipsum
933 2160 1080 2195 infundi.
1132 2160 1209 2195 Imo
1221 2160 1409 2196 Kircherus
1418 2160 1453 2194 in
1464 2159 1587 2195 Mund.
1602 2159 1740 2197 subterr.
1751 2159 1805 2195 lib.
1814 2172 1844 2197 2.
1854 2171 1884 2197 c.
1894 2170 1930 2204 13.
1941 2158 2040 2199 &liu

325 2226 364 2260 4.
375 2225 446 2260 cap⁴
457 2224 505 2247 10.
516 2211 680 2250 ostendit,
690 2221 771 2245 cum
787 2208 857 2244 finu
865 2207 999 2243 Perfico
1010 2208 1046 2244 &
1063 2220 1144 2243 cum
1153 2208 1237 2242 mari
1245 2208 1380 2243 Euxino
1390 2219 1450 2255 per
1463 2207 1618 2243 occultas
1633 2207 1765 2242 semitas
1774 2207 1864 2243 ultro
1881 2207 2039 2254 citroque
2055 2202 2063 2252 ‘3

330 2261 512 2310 negotiari.
563 2259 835 2294 Evidensautem
848 2266 1092 2305 argumentum
1109 2256 1155 2291 est
1168 2256 1497 2292 communicationis
1511 2268 1592 2291 cum
1608 2256 1679 2290 aliis
1694 2256 1842 2292 maribus
1857 2278 1868 2296 ,
1891 2256 1936 2290 du
1989 2255 2040 2290 in-
2059 2277 2062 2282 -

329 2320 498 2347 numeros
508 2308 629 2355 recipit
646 2305 789 2345 fluvios,
804 2304 939 2340 nullum
953 2314 1070 2340 tamen
1084 2304 1210 2340 emittit
1224 2316 1340 2351 neque
1355 2305 1509 2343 amnium
1523 2304 1558 2340 in
1573 2303 1605 2340 se
1619 2304 1871 2351 deponentium
1885 2315 1947 2338 mu
1961 2303 2038 2339 titu-
2059 2324 2062 2347 3

330 2359 415 2394 dine
424 2357 544 2404 augeri
557 2357 710 2394 videtur,
723 2355 819 2402 quod
830 2364 890 2401 per
904 2353 1065 2388 occultos
1080 2353 1251 2400 quosdam
1260 2363 1394 2388 meatus
1403 2353 1437 2387 in
1447 2352 1509 2388 alia
1522 2352 1636 2388 vicina
1649 2353 1753 2388 maria
1767 2352 1825 2388 sub
1838 2364 1878 2388 ea
1894 2362 2038 2399 propor-
2059 2364 2062 2382 ι

324 2407 448 2450 tione,
461 2406 519 2440 sub
528 2416 593 2452 qua
601 2414 767 2452 aquarum
783 2401 1042 2437 multitudinem
1050 2402 1185 2448 recipit,
1195 2412 1383 2437 exonerare
1401 2400 1465 2436 sese
1474 2402 1607 2436 debeat.
1620 2400 1826 2437 Herodotus
1842 2401 1877 2436 in
1887 2399 1969 2436 Clio
1982 2399 2038 2440 ait,
2059 2420 2062 2442 Ι

329 2455 438 2492 latum
446 2453 512 2489 effe
526 2452 625 2492 odo,
639 2452 699 2487 lon
726 2462 786 2485 um
802 2451 936 2486 dierum
952 2450 1154 2497 quindecim
1169 2450 1390 2498 navigatione
1406 2462 1417 2494 3
1432 2450 1488 2484 led
1502 2450 1561 2497 qui
1575 2448 1682 2502 ipsum
1698 2449 1854 2497 quotidie
1867 2447 2037 2484 transmit,
2058 2459 2062 2487 ζ

329 2513 426 2545 tunt,
440 2511 650 2538 mercatores
663 2509 700 2536 te
729 2509 846 2541 antur,
860 2509 935 2535 non
946 2498 1092 2547 amplius
1100 2499 1289 2538 duodecim
1299 2498 1418 2534 diebus
1427 2497 1623 2534 universum
1631 2508 1703 2544 ejus
1710 2498 1879 2534 ambitum
1887 2496 2034 2545 explere.
2059 2518 2061 2526 ,

2058 2566 2060 2583 l

609 2612 1200 2700 CONCLUSIO
1240 2615 1740 2697 PoLlTch.
1820 2713 1824 2717 ,
2057 2600 2060 2715 l

835 2732 1116 2831 Affefiius
1142 2729 1530 2805 moderandi.

417 2872 634 2924 Tqus‘burdam
651 2874 854 2910 animantibus
867 2875 974 2920 ferum
996 2873 1078 2908 dedit
1091 2896 1101 2914 ,
1121 2871 1297 2920 quibusdam
1302 2871 1459 2918 fiabdolum
1471 2893 1482 2912 ,
1502 2869 1678 2919 quibusdam
1694 2870 1841 2918 pavidum
1859 2883 1871 2917 3
1889 2871 1940 2906 Iti
1958 2869 2034 2906 nobs:
2056 2867 2057 2870 ¹

169 2918 235 2950 sm·
256 2912 298 2946 ΛΑ
417 2927 573 2973 glortofiaem
599 2927 636 2963 ὠ·
659 2925 800 2969 excelsiam
822 2925 961 2970 spiritum
991 2922 1071 2956 dedit
1101 2933 1223 2956 natura.
1296 2925 1509 2968 Magnanimos
1539 2933 1590 2953 nos
1615 2919 1755 2966 produxit
1778 2942 1789 2959 ‚
1817 2919 1865 2955 ait
1888 2921 2034 2961 Seneca,

170 2963 316 3007 Lamzep.
424 2974 543 3021 Turpe
558 2974 605 3009 est
618 2973 754 3009 homini
757 2970 891 3019 jacere,
912 2970 1046 3017 turpius
1061 2968 1252 3017 subjacere,
1266 2967 1494 3017 turpiffimum
1509 2966 1649 3015 seipsum
1661 2965 1824 3014 subjicere
1833 2968 1954 3005 feris&
1964 2966 2033 3004 bel,
2055 2997 2057 3002 A

170 3024 225 3049 105.
331 3020 409 3056 luis.
457 3023 514 3058 Ad
528 3022 658 3058 excelsa
671 3021 742 3057 nati
759 3021 873 3056 sumus
887 3041 898 3058 ,
915 3018 1117 3054 sublimioris
1133 3018 1285 3066 sphaerae,
1300 3030 1402 3065 quam
1417 3016 1613 3054 animantia.
1668 3015 1763 3064 Qid
1776 3013 1944 3063 paffiones
1959 3015 2035 3052 sunt

170 3062 280 3095 HWM·
332 3069 391 3104 'nili
406 3069 548 3109 belluaeff
561 3071 644 3118 quid
659 3068 801 3105 afferstus
815 3067 976 3103 indomiti
990 3088 1001 3106 ,
1015 3066 1074 3101 nifi
1091 3066 1196 3102 effera
1208 3066 1392 3105 animalia}
1416 3065 1507 3101 Infra
1519 3075 1584 3099 nos
1600 3064 1662 3100 fint
1673 3087 1683 3104 ,
1698 3064 1913 3113 pedibusque
1927 3058 2031 3110 subja-

171 3107 287 3166 Tursssl·
301 3105 322 3143 l·
335 3128 447 3155 ceant.
497 3119 736 3154 Execrandum
748 3115 967 3153 Tambetlani
981 3115 1130 3155 facinus,
1147 3115 1226 3163 quia
1238 3114 1430 3150 belluinum
1442 3126 1454 3159 ;
1469 3112 1714 3149 conscensurus
1729 3124 1859 3160 equum
1872 3113 2031 3162 tergaBa-

169 3169 198 3194 9·
213 3153 285 3203 ⁶l²¹st0
330 3165 453 3215 jazetis
468 3166 661 3204 Turcarurn
669 3167 774 3216 Regis
787 3164 941 3203 calcavit.
989 3163 1065 3200 Pari
1078 3161 1171 3212 paffu
1180 3164 1360 3213 Diogenes
1369 3162 1575 3199 Graecorum
1588 3161 1781 3210 Imperator
1796 3160 2041 3249 Ottomgnrliiae'

350 3245 352 3247 ,
1952 3221 1971 3245 u
1986 3217 2032 3244 ta·
