2087 3610
298 228 370 281 54
973 211 1340 285 Meteorologia

296 291 463 329 multibus
472 291 633 334 excitato,
642 293 795 341 inquieta
804 293 879 329 sunt
887 317 896 334 ,
905 294 1059 329 fulminis
1067 292 1149 328 ictui
1157 291 1224 328 esse
1231 294 1341 341 magis
1348 294 1502 329 obnoxia
1510 316 1521 334 ‚
1537 294 1610 329 hoc
1618 294 1712 330 enirn
1720 293 1862 331 volatile
1877 303 2021 328 motum

302 351 448 377 omnem
459 339 619 387 sequitur.

400 389 545 436 Qaeres
552 389 677 437 quinto
690 403 698 425 ε
717 391 805 439 Qae
815 389 894 424 loca
901 389 1036 424 fulmini
1044 389 1154 437 magis
1163 388 1332 436 exposita:
1358 388 1568 437 Respondeo
1576 413 1590 430 ,
1597 391 1809 437 experientia
1816 390 2028 438 comproba·
2082 412 2087 428 ,=

296 447 372 473 tum
383 437 461 476 effe,
469 436 612 472 fulmina
621 439 766 473 editiora
774 440 850 474 loca
859 437 1076 484 frequentius
1086 437 1255 474 infestare.
1309 438 1404 472 Hinc
1411 448 1552 474 montes
1561 438 1678 486 saepius
1685 462 1696 479 ‚
1706 451 1810 486 quam
1820 437 1925 473 valles
1939 437 2026 486 igni-

298 487 363 523 bus
371 484 568 522 coelestibus
574 489 745 521 afflantur.
798 487 852 520 De
866 485 1046 520 arboribus
1062 486 1156 519 canit
1166 484 1398 521 Claudianus:
1416 501 1419 503 ·

420 546 597 591 Incubuit
605 560 802 602 nimquam
818 543 1314 602 coelestisflammafizliffliss

421 602 809 661 Necparvifirutices
817 603 922 644 iram
933 600 1104 644 metzufre
1113 604 1314 645 Tonantis.

418 665 597 719 Ingentes
604 675 768 717 quercus
776 692 787 711 ,
806 663 970 719 annosas
972 659 1170 717 fiilmiuat
1177 675 1305 702 ornos.

388 728 520 764 Pariter
529 729 563 763 in
572 727 713 763 urbibus
730 727 943 773 templorum
953 736 1064 761 turres
1076 726 1193 773 sitpius
1202 726 1337 761 fulmen
1361 725 1461 761 ferire
1485 725 1580 762 solet.
1622 727 1827 774 Exemplum
1838 728 1885 763 est
1897 728 2028 764 Cathe-
2082 733 2084 770 ζ

295 776 395 814 dralis
404 777 559 813 Ecclessae
576 775 678 811 turris
686 775 888 824 Argentinae
897 775 1051 810 Alfaticae
1062 776 1164 815 urbe,
1179 785 1253 821 574
1271 774 1419 821 pedibus
1432 776 1657 823 geometricis
1673 776 1826 822 praealta,
1841 778 1899 812 vix
1916 787 2029 812 annus

289 827 364 863 fere
375 826 529 865 elabitur,
539 835 610 872 quo
621 836 696 859 non
706 823 849 859 subinde
858 823 1006 858 fulmine
1016 822 1204 861 infestetur.
1256 822 1404 858 Caulam
1426 823 1582 871 plerique
1594 821 1768 872 affignant
1782 835 1923 860 motum
1941 825 2029 862 obli-

286 884 400 924 quum
410 873 566 909 fulminis
578 895 589 912 ,
606 873 732 919 dequo
743 872 776 906 in
791 871 906 919 quaest.
916 882 942 916 ς.
955 871 1102 919 egimus.

389 923 454 957 His
464 920 633 970 subjungo
651 921 737 955 mira
746 921 916 968 quiedam,
925 931 1000 967 quae
1010 919 1099 954 circa
1109 917 1277 953 nonnulla
1286 917 1365 953 loca
1373 918 1483 967 magis
1491 919 1626 954 fulmini
1636 920 1790 955 obnoxia
1798 921 1899 957 variis
1908 923 2024 956 abAu-
2082 918 2087 940 ⁸

288 971 451 1007 thoribus
461 971 703 1006 conferuntur.
756 970 795 1003 In
807 978 929 1003 monte
937 968 1063 1015 Taipae,
1074 967 1142 1002 Pro
1148 967 1266 1002 vinciae
1276 966 1393 1006 Xenfi,
1410 978 1485 1014 quae
1496 967 1545 1002 est
1553 980 1622 1003 una
1631 980 1675 1003 ex
1684 968 1878 1004 Provinciis
1888 969 2029 1017 imperii
2083 983 2087 989 ¹

288 1019 407 1059 sinici,
423 1020 465 1054 ab
477 1014 698 1065 Oreoscopio
710 1017 843 1052 summe
853 1016 1028 1052 celebrato
1040 1017 1164 1055 fertur,
1189 1014 1318 1063 pulsata
1333 1015 1465 1050 ibidem
1473 1025 1637 1064 tympana
1652 1029 1738 1052 mox
1752 1017 1889 1066 fialgura
1912 1018 1948 1053 ὅ(
1964 1017 2030 1053 ful-

287 1067 385 1103 mina
394 1090 404 1107 ³
423 1067 654 1115 ingentesque
671 1066 821 1100 excitare
836 1064 1069 1112 tempestates,
1121 1065 1227 1099 [Inde
1241 1072 1384 1098 cautum
1403 1063 1451 1098 est
1463 1065 1568 1112 quam
1587 1065 1690 1100 severi
1697 1063 1810 1105 ssime,
1836 1077 1903 1101 nec
1916 1065 1976 1101 ulli
1988 1077 2027 1100 o-
2080 1081 2082 1087 ⁸

290 1114 418 1151 mnino
434 1114 569 1150 licitum
579 1112 646 1152 est,
658 1123 699 1150 ut
707 1114 819 1148 scribit
827 1114 1018 1149 Kircherus
1035 1113 1070 1147 in
1088 1112 1206 1148 China
1215 1111 1329 1149 illustr.
1345 1121 1433 1158 part.
1443 1124 1480 1158 4.
1494 1125 1568 1161 cap.
1577 1126 1612 1159 4.
1622 1114 1668 1148 ibi
1677 1113 1849 1162 tympanis
1858 1114 2031 1162 pulsandis

292 1163 485 1199 admovere
495 1173 652 1197 manum.
702 1161 874 1196 Effe&um
885 1162 982 1196 hunc
991 1162 1119 1196 mirum
1128 1159 1326 1196 credibilius
1336 1160 1384 1195 est
1396 1161 1540 1209 magicis
1549 1161 1606 1196 illu
1613 1162 1763 1198 fionibus
1773 1185 1785 1203 ,
1802 1165 1907 1212 quam
1921 1163 2029 1198 w‘rtu-
2082 1199 2085 1204 ,

297 1222 332 1246 te
343 1212 475 1245 montis
484 1208 670 1258 profluere.
720 1208 841 1245 Affine
851 1209 933 1244 huic
942 1209 1005 1249 est,
1021 1210 1118 1256 quod
1127 1209 1172 1244 de
1184 1208 1291 1244 Altari
1319 1210 1474 1255 quodam
1489 1210 1724 1258 tempestifero
1739 1234 1751 1252 ,
1787 1211 1824 1246 in
1848 1212 2029 1247 montibus

293 1259 466 1307 Pyrenaeis
482 1258 542 1293 (ito
552 1267 718 1297 narratur,
728 1257 849 1292 locum
858 1258 952 1292 enim
963 1257 1085 1292 dicunt
1095 1256 1161 1291 effe
1170 1258 1205 1291 in
1214 1256 1353 1292 excelfis
1355 1255 1451 1306 jugis
1459 1280 1471 1298 ,
1486 1259 1545 1294 ubi
1567 1260 1704 1307 praealta
1718 1260 1756 1295 ὅ(
1770 1259 1837 1295 lata
1851 1260 1957 1309 furgit
1971 1272 2029 1295 ru·-

290 1318 352 1356 pes
361 1307 416 1348 ,in
425 1307 535 1353 estque
546 1306 705 1349 eminens
713 1306 872 1353 quaedam
885 1305 979 1340 saxea
988 1304 1100 1340 moles
1110 1304 1211 1340 instar
1219 1305 1344 1340 Altaris
1352 1328 1363 1345 ,
1378 1307 1435 1340 cui
1444 1307 1487 1340 ad
1495 1306 1601 1343 latera
1612 1307 1737 1344 insoliti
1748 1307 2028 1348 characiiereffi&
2085 1343 2087 1347 Α

294 1356 387 1403 figna
396 1356 553 1403 quaedam
564 1354 722 1402 inscripta
732 1353 764 1388 su
770 1363 819 1389 nt.
870 1354 953 1390 Hoc
962 1353 1081 1389 Altare
1089 1353 1110 1388 si
1120 1354 1195 1401 quis
1207 1352 1384 1389 accesserit
1391 1376 1402 1394 ,
1417 1354 1575 1402 illudque
1587 1356 1756 1404 attigerit,
1771 1357 1896 1404 ingens
1905 1358 2028 1392 conie-

295 1404 371 1440 stim
380 1402 564 1451 tempestas
576 1403 713 1452 ignibus
723 1401 934 1438 &imbribus
943 1401 1060 1437 furens
1070 1402 1209 1438 excitari
1227 1401 1322 1439 solet.

388 1452 509 1487 Refert
517 1451 620 1487 etiam
629 1449 752 1486 Petrus
764 1451 933 1498 Thyraeus
942 1450 962 1485 l.
974 1451 1017 1485 de
1026 1450 1113 1486 locis
1123 1449 1251 1491 infestis
1266 1459 1353 1497 part.
1360 1461 1385 1488 1.
1402 1461 1434 1488 c.
1448 1462 1471 1488 1.
1497 1450 1675 1487 Michaele
1683 1452 1726 1487 ab
1733 1451 1825 1487 isselt
1836 1453 1944 1487 Anno
1951 1457 2028 1495 1585.

293 1501 444 1538 historiae
462 1500 538 1539 suae,
548 1499 741 1535 effelocum
749 1498 932 1546 palustrem
942 1500 1065 1534 decem
1074 1498 1228 1546 passuum
1237 1498 1388 1533 millibus
1396 1500 1438 1534 ab
1447 1499 1544 1545 Odepe
1557 1522 1569 1539 -‚
1585 1501 1683 1547 quod
1703 1500 1750 1535 est
1769 1501 1934 1548 praedium
1951 1499 2028 1546 Epi·
2080 1538 2081 1542 Ἰ

291 1548 452 1596 scopatus
461 1548 562 1582 Vendae
571 1548 605 1582 in
614 1547 773 1588 Livonia,
784 1548 819 1582 in
830 1548 946 1594 eoque
956 1547 1070 1583 lacum
1080 1548 1256 1594 quendam
1266 1546 1416 1582 itafuisse
1424 1547 1620 1582 infestatum
1631 1571 1641 1588 ,
1661 1559 1698 1583 at
1714 1550 1772 1583 nili
1785 1547 1922 1587 lingulis
1929 1547 2028 1582 annis
2073 1549 2081 1579 ¹,

292 1598 426 1646 sanguis
437 1598 609 1634 infantum
618 1597 653 1631 in
663 1608 744 1631 eum
754 1596 959 1635 mitteretur,
971 1595 1058 1630 ultra
1070 1596 1219 1630 modum
1229 1595 1467 1643 affligerentur
1487 1596 1592 1631 vicini
1601 1620 1612 1637 ,
1636 1597 1671 1632 ὅ(
1686 1588 1972 1644 plurimadamna
1988 1597 2026 1630 iis
2071 1610 2087 1616 ··

292 1648 482 1682 doemones
491 1643 936 1689 afferrent3conturbarent
946 1655 1073 1692 nempe
1083 1649 1217 1683 aerem,
1232 1645 1405 1684 tonitrua,
1430 1644 1600 1691 procellas
1614 1645 1650 1680 ὅ(
1666 1644 1887 1693 tempestates
1901 1645 2027 1679 excita-
2051 1639 2053 1642 ⁴
2072 1656 2074 1660 ·

292 1705 383 1731 rent.
435 1694 486 1728 Ex
493 1697 565 1740 quo
574 1692 645 1740 ipso
654 1702 811 1741 apparet,
825 1692 972 1728 fulmina
987 1704 1062 1727 non
1075 1692 1170 1728 lacus
1180 1692 1475 1734 exhalationibus,
1488 1692 1546 1728 sed
1554 1693 1789 1743 malignorum
1800 1694 1976 1742 spirituum
1986 1705 2024 1727 o-
2072 1688 2074 1693 ’

317 1743 373 1779 era
382 1741 534 1777 excitari.

290 1755 312 1792 p
392 1791 552 1839 Dignum
561 1787 653 1825 leem
663 1788 727 1828 est,
736 1789 833 1836 quod
842 1788 886 1823 de
894 1798 1019 1824 monte
1031 1791 1081 1822 Cio
1088 1799 1205 1824 rerum
1214 1788 1409 1823 Sinicarum
1425 1789 1619 1837 Scriptores
1627 1799 1912 1826 commemorant
1924 1800 1934 1822 τ
1961 1787 2028 1824 effe
2070 1790 2073 1794 “
2085 1809 2087 1815 1

293 1851 425 1888 nempe
434 1840 470 1874 in
479 1836 553 1885 ejus
569 1837 699 1873 vertice
706 1836 857 1886 lapidem
865 1837 1021 1885 quinque
1028 1837 1236 1885 perticarum
1245 1836 1507 1885 altitudinis,qui
1515 1838 1654 1886 quoties
1663 1848 1735 1874 tem
1763 1837 1846 1873 estas
1854 1838 2027 1878 imminet,
2086 1867 2087 1870 ,

295 1889 444 1925 titubare
458 1909 469 1927 ,
495 1886 531 1922 ὅς
546 1886 629 1922 hinc
645 1886 727 1921 inde
742 1885 843 1921 instar
859 1883 1017 1934 Cypreffi
1025 1895 1134 1922 vento
1143 1886 1276 1935 agitatae
1290 1886 1428 1921 moveri
1443 1887 1596 1934 incipiat.
1647 1887 1725 1923 Cau
1739 1899 1795 1922 am
1808 1885 1914 1933 hujus
1934 1887 2027 1921 bene

296 1935 659 1985 affignatWevverus
668 1934 705 1970 in
720 1937 806 1970 Arte
814 1933 983 1971 Convers
994 1934 1080 1985 Reg.
1091 1946 1128 1973 11.
1136 1935 1212 1969 Sec.
1223 1944 1248 1979 5.
1256 1932 1292 1982 §5-
1307 1946 1332 1972 1.
1358 1933 1581 1983 Contingere
1588 1945 1728 1970 motum
1740 1936 1838 1970 hunc
1847 1946 1890 1971 ex
1898 1944 2025 1970 vento-
2070 1946 2073 1976 1

295 1985 473 2023 rumintra
487 1995 642 2021 concava
657 1983 789 2019 montis
805 1983 932 2019 viscera
942 1981 1158 2019 'saevientium
1174 1981 1328 2023 flatibus,
1345 1983 1404 2030 qui
1417 1983 1547 2018 deinde
1563 1995 1733 2030 vaporum
1746 2005 1757 2022 ,
1781 1983 2027 2030 halituumque

296 2034 436 2082 copiam
446 2044 507 2081 per
513 2043 620 2081 poros
628 2055 639 2073 ,
648 2032 756 2068 rimas
764 2055 774 2073 ‚
782 2029 976 2080 fiffurasque
985 2031 1162 2067 montium
1173 2029 1289 2066 secum
1299 2029 1466 2069 eruerant.
1500 2031 1730 2079 Frigidiorem
1739 2032 1777 2066 hi
1786 2043 1906 2066 auram
1923 2031 2025 2071 naffl,
2068 2038 2069 2041 ’

297 2083 335 2118 in
345 2081 505 2130 copiosos
514 2080 732 2117 resolvuntur
740 2081 865 2116 imbres
874 2080 909 2118 ὅ(
920 2080 1002 2122 crim
1012 2079 1181 2129 sulphuris
1189 2090 1333 2128 quoque
1339 2079 1530 2115 admixtam
1538 2080 1691 2115 habeant
1705 2080 1884 2115 materiam
1892 2101 1905 2120 ,
1921 2080 2026 2115 etiam

294 2131 482 2168 tonitribus
496 2129 532 2165 ὅ(
550 2129 698 2166 fulmine
706 2130 857 2165 saeviunt.
1501 2170 1505 2174 Ἴ

392 2177 578 2215 Difficilius
586 2179 673 2214 ratio
681 2178 818 2226 physica
826 2176 998 2225 sequentis
1006 2186 1153 2213 eventus
1161 2177 1271 2214 datur.
1303 2176 1432 2212 Narrat
1447 2175 1637 2212 Kircherus
1654 2176 1691 2211 in
1705 2174 1924 2214 Chin.111ust.
1940 2187 2020 2223 pro-

290 2227 336 2277 pe
352 2227 520 2277 insignem
529 2228 652 2262 urbem
661 2226 804 2274 Chaoking
813 2227 905 2262 haud
915 2225 1037 2274 procul
1046 2225 1087 2261 ab
1109 2226 1193 2261 urbe
1207 2225 1337 2260 Sinenli
1351 2225 1472 2273 Szhhing
1484 2225 1671 2273 provinciae
1684 2228 1849 2274 Qantung
1862 2235 2025 2260 montem

293 2278 430 2326 surgere
437 2276 529 2310 Tenlu
537 2274 678 2316 digium,
691 2275 825 2324 aspe&u
836 2275 1017 2310 horridum
1027 2274 1062 2310 ὅ(
1071 2272 1307 2309 cavernosum.
1364 2273 1501 2311 Dicitur
1507 2284 1625 2309 autem
1643 2274 1730 2308 intra
1756 2274 1853 2308 hunc
1862 2283 2024 2308 montem

294 2325 450 2374 stagnare
457 2324 631 2372 quandam
640 2336 778 2372 aquam,
787 2326 830 2359 ad
840 2335 944 2371 quam
957 2324 998 2358 ab
1009 2332 1102 2358 extra
1110 2333 1228 2357 tamen
1237 2320 1352 2357 nullus
1359 2330 1456 2369 patet
1463 2321 1576 2357 aditus
1589 2344 1601 2362 ,
1627 2322 1663 2357 &
1672 2322 1692 2356 fi
1703 2322 1815 2356 forsan
1821 2323 1864 2357 ab
1871 2321 1941 2357 alto
1949 2322 2024 2358 hoc
2082 2359 2084 2362 ,

294 2374 316 2411 ὲ
327 2371 493 2422 superiori
508 2372 620 2420 aliqua
629 2373 759 2412 montis
768 2370 872 2418 hujus
881 2372 1048 2420 voragine
1055 2371 1137 2419 lapis
1146 2369 1330 2417 injiciatur,
1346 2382 1432 2405 mox
1440 2371 1563 2419 ingens
1572 2373 1696 2406 boatus
1715 2370 1756 2406 <Sc
1764 2370 1921 2418 strepitus
1929 2371 2023 2405 toni-

295 2423 365 2459 trui
377 2420 619 2469 instar-percipi
628 2421 722 2461 solet,
731 2433 770 2456 ac
781 2432 867 2456 mox
875 2420 1016 2456 turbido
1027 2420 1120 2455 coelo
1139 2418 1617 2466 imbrescopiolifunduntur.
1670 2418 1818 2455 Causam
1835 2417 1939 2465 hujus
1955 2417 2023 2455 effe

297 2482 389 2511 reor,
397 2470 495 2518 quod
504 2480 546 2505 ex
553 2468 701 2504 immisso
710 2469 822 2517 lapide
829 2469 985 2504 turbatus
993 2467 1087 2503 lacus
1095 2467 1411 2516 copiososssapooes
1419 2467 1625 2516 emittat,qui
1634 2466 1910 2503 exhalationibus
1918 2479 2022 2503 mon-

295 2520 339 2556 tis
348 2517 495 2554 immixti
506 2517 541 2554 <Sc
550 2529 611 2566 per
618 2518 833 2553 attritionem
843 2517 878 2553 ὅ(
888 2516 1127 2552 subterraneos
1134 2517 1232 2564 ignes
1240 2515 1524 2564 accensi,fragore
1531 2515 1765 2556 tumultuent,
1784 2515 1822 2551 ὅ(
1834 2527 2022 2564 erumpen-

293 2577 348 2605 tes
364 2568 458 2607 inde,
467 2575 582 2614 aptam
590 2567 767 2602 materiam
776 2565 941 2602 imbribus
949 2565 985 2600 in
994 2565 1148 2601 vicinum
1157 2569 1272 2600 a’e‘rern
1282 2563 1492 2603 diffundant.
1665 2563 1668 2567 ’
2071 2602 2073 2606 ⁴

394 2617 444 2651 Ex
450 2614 551 2651 dicitis
560 2614 704 2664 colliges
745 2613 834 2650 rimo
846 2626 855 2648 ε
869 2613 1027 2649 Fulmina
1040 2613 1079 2649 ut
1102 2613 1238 2662 fulgura
1260 2611 1642 2659 frequentioraaestate,
1662 2612 1767 2660 quam
1782 2611 1912 2660 hyeme
1927 2621 1939 2649 ε
1964 2611 2022 2648 sed

297 2659 447 2713 amplius
459 2663 644 2700 Autumno
654 2663 689 2699 ὅ(
737 2674 794 2698 ere
802 2672 944 2712 propter
952 2661 1188 2701 exhalationes
1203 2661 1417 2710 oleaginosas
1424 2660 1462 2697 ὅ(
1472 2660 1669 2708 sulphureas
1676 2683 1687 2700 ,
1705 2661 1827 2695 Romae
1835 2661 2020 2707 praesertim

299 2724 363 2761 per
369 2712 604 2754 Autumnum.
654 2712 695 2748 In
702 2711 904 2762 regionibus
911 2707 1282 2747 Borealibusrariffima
1290 2710 1437 2746 fulmina
1446 2721 1490 2745 ex
1498 2709 1655 2758 oppofita
1671 2708 1781 2744 causa.
1829 2709 1925 2745 Vide
1931 2708 2021 2745 dieta

298 2762 343 2798 de
360 2762 507 2798 tonitru.

392 2808 549 2859 Colliges
557 2807 882 2845 Secundmfulmen
890 2807 973 2844 cum
987 2807 1147 2856 sequatur
1162 2815 1302 2843 motum
1317 2806 1426 2847 aeris,
1439 2801 1522 2842 ideo
1545 2805 1777 2854 periculosum
1794 2806 1838 2841 ad
1857 2804 2020 2842 fenestras

298 2865 431 2906 apertas
439 2867 599 2906 tempore
606 2857 791 2893 fulminum
799 2857 938 2892 morari.
1149 2867 1151 2870 ·

392 2905 548 2956 Colliges
555 2904 677 2942 Tertio
686 2916 696 2939 ε
711 2904 920 2940 fulminante
927 2904 1021 2941 coelo
1030 2903 1278 2952 profundiores
1287 2914 1384 2938 terrae
1392 2913 1556 2945 cavernas
1571 2902 1681 2938 subire
1696 2911 1835 2947 tutum3
1859 2902 2019 2939 observa-

297 2961 375 2990 tum
383 2954 521 3002 quippe,
538 2953 646 2990 ustum
653 2953 808 2990 fulminis
817 2954 919 2989 etiam
929 2953 1052 3001 lapidei
1062 2965 1134 2988 non
1142 2952 1229 2988 ultra
1239 2951 1395 3000 quinque
1410 2952 1518 2999 pedes
1527 2960 1653 2986 terram
1675 2960 1868 3000 penetrare.

394 3002 550 3052 Colliges
582 3002 742 3051 Quarto:
767 3002 977 3038 Cavendum
991 3003 1010 3037 a
1022 3002 1124 3043 vino,
1146 3002 1244 3049 quod
1259 3001 1277 3035 a
1291 2999 1438 3035 fulmine
1451 2999 1559 3036 crusta
1569 3001 1718 3047 quadam
1737 2999 1775 3035 ὅ(
1793 2998 1884 3047 pelle
1901 2999 2015 3035 obdu·

298 3048 396 3086 &um
406 3050 509 3095 ;iolet
518 3052 611 3086 enim
622 3051 824 3092 amentiam,
838 3060 898 3086 aut
905 3051 995 3098 pene
1011 3060 1162 3086 mortem
1171 3050 1305 3085 adferre
1313 3050 1360 3084 ob
1367 3048 1558 3084 venenosss
1567 3048 1655 3097 ignis
1662 3046 1767 3096 hujus
1774 3047 1966 3095 qualitates.

396 3097 550 3147 Colliges
559 3099 697 3148 Qinto
713 3114 723 3136 ε
750 3100 962 3148 Qanquam
973 3122 983 3139 ,
995 3109 1034 3134 ut
1045 3099 1079 3133 in
1088 3111 1120 3146 q.
1128 3109 1160 3143 7.
1170 3097 1428 3136 annotavimus,
1437 3108 1682 3144 campanarum
1691 3096 1806 3152 pulsus
1816 3096 2016 3132 &tormen-
2044 3126 2052 3131 .

303 3153 423 3192 totum
431 3146 585 3195 displosio
603 3148 849 3202 aliquand0,0b
858 3148 1031 3185 rationem
1040 3147 1169 3184 ibidem
1178 3145 1563 3194 daram,tempestatibus
1570 3146 1767 3182 avertendis
1775 3144 1932 3193 proficua
1940 3143 2014 3199 sint,

1930 3203 2011 3240 quia
