2087 3610
322 220 424 272 242
995 201 1358 275 Meteorologia

318 281 460 329 Lipara,
476 278 665 329 Strongylae
679 278 982 318 continuisardent
997 279 1159 322 flammis,
1175 292 1249 328 quae
1260 281 1295 316 in
1310 280 1427 316 medio
1442 276 1543 317 etiam
1561 280 1644 317 mari
1664 289 1805 318 manent
1818 275 2022 316 inextin&ae.

317 327 389 365 Prae
400 329 528 365 caeteris
537 337 652 364 tamen
660 323 762 365 AEtna
770 336 872 365 mons
880 327 1061 374 Catanenii
1070 328 1176 364 littori
1194 327 1352 375 adjacens
1362 340 1441 364 cum
1458 330 1634 364 horrendo
1644 330 1778 377 fragore
1794 327 1916 377 globos
1926 329 2020 376 igne-

318 389 359 412 os
369 378 436 413 late
454 376 688 425 spai·git,adeo
704 386 741 411 ut
752 385 894 411 centum
906 376 1090 424 aliquando
1107 375 1260 423 passuum
1276 376 1379 411 millia
1393 377 1565 412 cineribus
1580 376 1645 413 late
1655 378 1839 424 compleat.
1888 376 1974 411 Tres
1987 382 2024 410 e-'
2043 375 2046 378 ’

316 426 442 461 ‘tiamin
453 420 598 460 lslandia
612 426 686 461 sunt
699 432 855 463 montes,
871 436 1020 471 quorum
1035 426 1180 459 vertices
1190 425 1361 473 perpetuis
1378 425 1490 473 rigent
1499 425 1632 460 nivibus
1642 425 1793 464 ,radices
1806 435 1920 460 autern
1937 434 2021 459 con-

317 474 422 510 tinuis
437 471 732 517 ardentflammis·,
748 483 837 507 unus
848 471 959 508 Hecla
973 472 1116 514 dicitur,
1130 472 1215 508 alter
1227 483 1330 507 mons
1343 474 1471 515 crucis,
1486 474 1605 511 tertius
1613 473 1736 522 Helga.
1786 473 1891 508 Haud
1901 469 2023 520 procul

316 519 469 558 Puteolis
483 522 568 566 intra
581 522 696 556 fauces
712 520 885 556 montium
901 520 1057 568 planities
1073 521 1106 555 in
1121 523 1203 557 coni
1229 520 1343 556 eecum
1360 521 1455 556 venit
1467 543 1480 562 ,
1501 533 1603 569 quam
1623 521 1706 556 olim
1723 520 1851 557 Plinius
1867 521 2021 567 Campos

316 569 403 606 Phle
429 581 512 605 raeos
522 567 541 604 :i
555 568 700 604 flammis
717 568 753 604 ὅ(
768 568 892 603 ardore
905 569 1064 613 vocavit;
1078 569 1199 605 Corne
1214 569 1265 604 ius
1279 578 1394 604 autem
1408 570 1528 605 Strabo
1535 571 1643 613 forum
1655 569 1808 605 Vulcani
1825 568 2022 616 appellavit,

315 620 375 654 ubi
441 616 570 665 antiqui
587 616 752 665 Gigantes
762 617 803 652 ab
812 615 966 652 Hercule
981 617 1151 664 superatos
1164 617 1303 652 fabulati
1318 616 1403 652 sunt.
1452 616 1572 652 Solum
1588 618 1632 653 ibi
1649 615 1765 665 passim
1782 613 1922 665 flagi-are
1937 627 2022 652 con·
2073 637 2075 647 ψ

314 667 472 715 spicitui·,
488 662 523 701 ὅ(
531 675 678 714 magnos
686 665 814 712 ubique
823 676 902 700 cum
912 663 1094 712 sulphureo
1103 667 1214 700 odore
1228 665 1343 703 fumos
1353 677 1412 711 per
1427 666 1522 713 plura
1530 666 1698 701 foramina
1707 665 1864 702 exhalare
1875 665 2022 704 videtur,

313 716 374 763 qui
383 727 443 763 per
454 724 598 749 omnem
614 713 680 748 late
696 714 875 762 regionem
883 712 994 748 ventis
1002 713 1104 748 etiam
1114 713 1301 761 Neapolim
1317 722 1426 760 usque
1442 715 1655 751 deferuntur.
1706 714 1745 749 In
1755 715 1876 748 eadem
1886 712 2023 761 planitie

311 761 437 813 ,ingens
452 762 572 799 lacuna
586 760 650 800 est,
667 772 742 808 quae
758 761 929 796 continuo
945 760 1166 797 bullientibus
1178 784 1188 801 ,
1210 760 1247 796 ὃς
1266 762 1366 811 nigro
1382 761 1440 797 suo
1455 762 1575 798 colore
1588 762 1810 797 formidinem
1823 760 2019 796 incutienti-

315 811 380 847 bus
388 811 483 858 aquis
491 810 592 858 plena
603 809 779 857 speciatur.
831 809 959 844 Mirum
975 809 1010 845 ὅ(
1026 809 1126 850 illud,
1141 809 1342 858 voraginem
1352 809 1442 844 illam
1456 821 1559 857 aquas
1569 811 1847 846 ultrahumanam
1861 809 2021 844 staturam
2072 828 2073 835 κ

313 862 357 895 ad
367 866 396 900 8.
413 859 468 895 vel
483 870 531 893 io.
545 858 702 894 &adhuc
717 857 830 906 plures
844 860 950 904 pedes
960 858 1182 905 inpyramidis
1198 860 1363 898 modum,
1378 869 1503 906 easque
1516 857 2020 908 pingues&iiilphureicoloris
2048 857 2051 859 ’
2072 879 2073 897 1

313 908 352 949 in,
365 908 471 943 altum
488 906 655 946 evibrare,
671 905 707 942 &
722 908 792 941 hoc
805 903 1016 953 potiffimum
1032 907 1112 941 curn
1129 917 1223 941 mare
1234 906 1366 946 aestuat,
1382 917 1455 941 non
1469 907 1571 947 item,
1590 908 1730 956 quando
1739 906 1889 955 quiescit.
1938 906 2019 953 Spe·
2071 924 2072 948 ς

312 956 448 992 &antur
466 955 612 990 etiamin
622 954 675 989 his
685 954 903 990 caminorum
920 954 1078 989 ductibus
1088 954 1247 1002 spiracula
1257 966 1330 989 non
1344 966 1451 1002 pauca
1460 964 1534 990 tum
1549 965 1795 995 ventum,tum
1812 953 1968 990 flammas
1985 965 2020 989 e·
2071 977 2087 988 ,-

311 1004 491 1041 ructantia.
500 1004 577 1039 Nec
587 1002 668 1038 illud
678 1003 1020 1051 praetermittendum,
1029 1004 1124 1050 quod
1134 1003 1177 1038 de
1186 1003 1350 1039 Chinenfi
1361 1003 1508 1050 quadam
1518 999 1709 1042 Provincia,
1719 1002 1903 1043 Xansidi&a
1910 1001 2014 1037 refer-

312 1053 414 1093 tur,in
424 1064 490 1100 qua
499 1052 594 1098 putei
603 1051 694 1100 ignei
703 1062 775 1086 non
783 1049 876 1086 secus
884 1063 923 1087 ac
931 1051 1028 1098 aquei
1038 1048 1156 1098 paffim
1167 1052 1201 1086 in
1210 1052 1338 1099 campis
1347 1052 1573 1098 reperiuntur,
1583 1052 1640 1087 ubi
1651 1052 1773 1087 incolae
1783 1062 1910 1103 magno
1920 1061 2017 1085 com—

311 1101 461 1148 pendio,
478 1112 516 1134 ac
526 1099 721 1147 sumptuum
731 1099 933 1146 parfimonia
947 1100 1044 1135 cibos
1059 1099 1236 1147 impositos
1251 1099 1531 1147 coquereiolent.
1583 1100 1665 1135 Hoc
1680 1111 1783 1139 vero,
1800 1109 1838 1134 ut
1851 1100 2020 1139 efficiant,
2064 1109 2085 1149 ,μ

310 1150 407 1198 putei
423 1147 592 1185 orificium
607 1149 653 1183 ita
668 1147 853 1186 claudunt,
874 1157 1038 1195 utpraeter
1046 1147 1148 1182 ollam
1165 1156 1225 1182 aut
1241 1150 1404 1183 cacabum
1422 1147 1505 1183 nihil
1519 1148 1611 1183 aliud
1626 1148 1800 1188 admittat,
1815 1159 1858 1182 eo
1875 1147 1960 1186 fine,
1976 1158 2022 1182 ne
2052 1153 2054 1157 ’

312 1197 406 1233 calor
420 1208 480 1244 per
496 1196 622 1231 laxiora
629 1196 798 1231 foramina
811 1193 985 1243 dissipatus
994 1196 1160 1231 obturatis
1174 1195 1285 1231 stricte
1297 1197 1469 1236 terminis,
1485 1197 1593 1245 magis
1612 1207 1790 1244 magisque
1806 1196 2017 1235 intendatur,

310 1255 415 1293 atque
423 1246 467 1280 ita
476 1244 571 1280 nullo
581 1245 671 1291 pene
683 1243 800 1279 labore
815 1244 912 1279 cibos
921 1244 1007 1279 intra
1017 1244 1120 1279 breve
1129 1253 1265 1291 tempus
1275 1245 1442 1299 indigenae
1451 1256 1646 1299 excoquere
1662 1245 1780 1280 solent.

412 1293 556 1341 Quaeres
572 1291 718 1341 quinto:
737 1291 1024 1328 Undeintervalla
1039 1292 1231 1340 eruptionis
1246 1292 1378 1341 ignium
1393 1303 1435 1328 ex
1443 1292 1622 1328 Volcaniis
1637 1293 1841 1328 montibus?
1864 1292 2016 1340 Respon-
2069 1314 2082 1319 „

312 1342 380 1377 deo
396 1364 406 1382 ,
427 1343 497 1377 hoc
519 1341 658 1376 evenire
681 1352 723 1376 ex
732 1340 868 1376 defefiiu
889 1341 1037 1376 materiae
1051 1363 1061 1380 ,
1077 1341 1209 1375 tamdiu
1224 1341 1315 1375 enirn
1339 1342 1460 1376 durare
1481 1340 1564 1376 solet
1578 1341 1664 1390 ignis
1686 1340 1744 1376 iste
1765 1341 2017 1381 subterraneus,
2068 1362 2069 1370 η

310 1391 477 1438 quamdiu
490 1390 688 1424 fomentum
705 1387 778 1435 ejus
792 1390 892 1423 durat
907 1402 918 1434 ;
937 1389 1034 1436 quod
1049 1390 1132 1424 dum
1147 1389 1363 1437 absumptum
1372 1388 1435 1429 est,
1450 1389 1554 1437 ignis,
1569 1399 1607 1424 ut
1620 1390 1704 1425 sibia
1718 1399 1838 1424 natura
1851 1389 2018 1430 inditum,
2068 1413 2085 1430 ,r

312 1439 540 1486 extinguitur,
550 1449 734 1484 quousque
749 1437 847 1473 novis
858 1437 1037 1484 conceptis
1046 1436 1227 1472 seminibus
1242 1438 1361 1472 denuo
1369 1439 1571 1475 renascatur.

407 1486 455 1522 Ex
470 1485 567 1521 dietis
583 1485 754 1534 colligitur
762 1486 874 1532 primo
889 1499 899 1520 z
912 1485 1320 1533 ubicunqueVulcanius
1336 1496 1438 1521 mons
1453 1485 1580 1526 existit,
1595 1485 1639 1521 ibi
1650 1484 1764 1521 subtus
1774 1494 1897 1520 terram
1913 1496 2015 1533 pyro·
2067 1490 2068 1494 ’

294 1567 299 1571 ,
308 1535 497 1584 philacium
511 1533 577 1569 esse
585 1535 732 1570 omnino
745 1534 861 1582 negari
878 1545 950 1569 non
958 1532 1375 1581 poffe,quemadmodum
1385 1534 1530 1570 fumanti
1539 1535 1676 1570 camino
1686 1535 1801 1583 ignem
1810 1533 2015 1570 culinanium
2067 1544 2068 1555 ³
2083 1528 2085 1534 ¹

309 1593 370 1619 aut
382 1583 585 1618 fornaceum
600 1581 726 1617 subesse
734 1583 879 1629 quisque
890 1582 1023 1620 fatetur.
1074 1582 1168 1619 Hinc
1183 1594 1248 1618 nec
1263 1583 1351 1617 adeo
1366 1583 1491 1618 mirum
1507 1583 1613 1618 videri
1630 1584 1751 1622 debet,
1767 1582 1788 1617 fi
1804 1583 2015 1629 quandoque
2066 1612 2067 1616 ,

309 1630 347 1667 ὅ(
360 1631 578 1667 metallorum
594 1629 783 1665 fluidorum
797 1639 967 1665 torrentes
977 1653 987 1670 ,
1002 1641 1121 1665 amnes
1130 1641 1171 1665 ex
1180 1631 1254 1678 pice
1267 1630 1396 1677 liquida
1404 1632 1580 1670 ardentes,
1595 1643 1635 1665 ac
1651 1631 1746 1678 plura
1760 1630 1822 1665 alia
1838 1632 1879 1665 ab
1895 1631 2014 1665 incen-
2066 1669 2067 1672 Ἴ

308 1680 348 1716 fis
362 1680 416 1714 his
430 1679 606 1714 Vulcaniis
622 1678 776 1714 motibus
785 1678 1055 1725 profundantur,
1072 1678 1158 1726 ignis
1167 1679 1259 1713 enim
1270 1676 1576 1715 latentisviolentia
1591 1679 1665 1727 ipiae
1681 1680 1823 1714 minerae
1836 1678 2015 1714 metallife-
2065 1673 2083 1731 Ὶἶ

308 1738 355 1764 rae
370 1726 407 1763 ὃ(
421 1723 594 1763 dui-iffima
610 1738 762 1774 quaequae
785 1725 1011 1762 dissolvuntur
1024 1749 1034 1766 ,
1052 1726 1088 1762 ὅ(
1104 1725 1363 1774 colliquescunt.
1430 1728 1480 1763 Ita
1502 1727 1647 1775 legimus
1668 1728 1758 1775 apud
1777 1726 1895 1762 Celtas
1908 1749 1918 1768 ‚
1933 1738 2014 1764 cum

307 1785 448 1812 montes
457 1775 586 1830 Ripbaei
595 1775 779 1822 aliquando
791 1774 916 1810 incensi
926 1774 1070 1815 luiffent,
1078 1776 1210 1823 argenti
1218 1775 1309 1830 rivos
1317 1787 1377 1823 per
1384 1785 1508 1810 terram
1519 1775 1658 1811 fluxisse.
1665 1775 1762 1811 Alex.
1771 1774 1792 1810 l.
1801 1777 1832 1810 6.
1841 1787 1872 1812 c,
1881 1786 1917 1822 4.

406 1823 591 1873 Colligitur
604 1822 774 1862 secundo,
792 1822 1026 1871 Regiones,in
1040 1823 1163 1870 quibus
1172 1821 1398 1860 flammivomi
1412 1834 1551 1860 montes
1564 1825 1797 1872 reperiuntur,
1807 1822 2013 1872 plerumque
2064 1842 2065 1855 ι
2079 1836 2081 1838 ·

307 1872 385 1909 sunt
400 1872 579 1908 fertiliores
594 1871 664 1907 aliis
680 1871 891 1906 terrestribus
907 1870 1004 1906 locis.
1070 1872 1112 1906 Et
1125 1872 1212 1906 ratio
1227 1871 1291 1912 est,
1308 1873 1386 1920 quia
1395 1872 1648 1912 exhalationes,
1658 1884 1733 1920 quae
1744 1874 1785 1907 ab
1801 1873 1936 1921 ignibus
1957 1883 2014 1908 ex·

306 1920 433 1969 spirant
446 1920 668 1956 subterraneis
675 1942 685 1959 ,
700 1929 796 1954 terrae
804 1930 909 1966 poros
917 1920 1025 1968 magis
1032 1920 1194 1967 aperiant,
1204 1919 1239 1955 ὅ(
1247 1931 1382 1964 apertos
1392 1921 1614 1966 contineant3
1623 1922 1717 1956 unde
1725 1920 1928 1969 vegerabilia
1937 1931 2011 1959 non

307 1970 442 2005 tantum
456 1970 475 2004 a
490 1969 617 2018 frigore
624 1968 731 2016 magis
746 1977 899 2003 tutantur
910 1990 920 2007 ,
936 1967 992 2003 sed
1006 1967 1181 2017 &spiritus
1193 1967 1372 2006 calidiores
1385 1969 1603 2016 concipiunt,
1613 1968 1648 2005 ὅ(
1658 1980 1718 2016 per
1726 1980 1848 2003 eorum
1858 1969 1931 2004 vasa
1941 1978 2013 2003 tam

306 2018 488 2057 fumifera,
498 2019 602 2065 quam
611 2021 724 2056 aerea,
734 2017 816 2050 dum
834 2017 951 2051 succus
963 2017 1071 2065 'magis
1081 2015 1247 2052 decoelus
1256 2017 1388 2053 facilius
1403 2026 1629 2066 propagatur,
1645 2017 1710 2065 ipsa
1726 2017 1830 2053 etiam
1840 2017 2012 2066 vegetatio

306 2066 605 2102 accommodatius
623 2065 820 2112 promoveri
835 2063 956 2112 potest.

405 2113 560 2162 Colliges
574 2113 695 2148 tertio:
710 2112 835 2148 Praeter
843 2112 931 2148 dicta
939 2135 949 2152 ,
962 2112 1153 2148 Vulcanios
1161 2123 1299 2148 montes
1309 2113 1513 2161 plerumque
1521 2113 1665 2149 infestari
1682 2111 1836 2158 spetiris,
1845 2111 1898 2147 vel
1907 2119 1946 2147 ut
1953 2112 2012 2147 ad-

308 2171 431 2198 euntes
440 2162 562 2210 procul
577 2160 799 2201 absterreant,
813 2160 865 2197 vel
877 2162 921 2196 de
933 2162 1055 2195 futuris
1072 2160 1317 2198 calamitatibus
1331 2172 1577 2210 praemoneant.
1629 2162 1684 2196 Sic
1692 2160 1729 2195 P.
1741 2161 1907 2196 Fournier
1915 2159 1994 2196 Geo
2003 2179 2011 2187 -
2054 2166 2056 2172 '

307 2212 426 2260 graph.
437 2211 522 2248 Orb.
537 2219 610 2247 not.
618 2209 675 2245 lib.
684 2220 706 2248 i.
718 2220 794 2247 c.1i.
810 2210 924 2246 refert:
934 2209 1151 2245 circaHeclae
1165 2218 1323 2245 montem
1338 2211 1532 2246 oberrantia
1546 2208 1671 2256 spectra
1686 2219 1846 2257 tempore
1861 2207 2009 2256 compriss
2053 2226 2055 2228 ·

306 2259 373 2294 mis
409 2259 596 2294 ublicarum
605 2258 751 2306 stragum
761 2257 796 2293 ὅ(
805 2256 1065 2293 commissorum
1075 2257 1269 2303 praeliorum
1280 2258 1391 2306 plures
1405 2258 1506 2294 caesos
1517 2258 1551 2294 ὅ(
1561 2257 1742 2294 deiunuos
1750 2257 1869 2292 habitu
1879 2255 2011 2292 &facie

308 2271 426 2343 exagle
433 2307 688 2355 repraesentare3
704 2306 823 2341 eadem
833 2305 1018 2354 aliquando
1027 2305 1142 2341 offerri
1151 2303 1386 2355 congressibus
1401 2316 1566 2341 notorum
1582 2306 1765 2342 hominum
1780 2314 1850 2340 tam
1865 2304 2008 2339 manife-

307 2354 372 2397 sta,
385 2365 424 2392 ut
437 2365 602 2401 tanquam
610 2355 765 2391 viventes
783 2355 995 2402 excipiantur
1009 2356 1049 2389 ab
1063 2354 1186 2403 ignaris
1201 2355 1322 2390 mortis
1336 2355 1490 2395 illorum,
1506 2355 1585 2390 data
1600 2355 1731 2394 dextra.
1781 2353 1860 2390 Fata
1873 2351 2008 2402 insuper

502 2402 721 2452 Principum,
733 2403 862 2450 quidve'
874 2403 1043 2439 remotius
1058 2403 1092 2438 in
1107 2403 1192 2437 orbe
1208 2413 1405 2453 peragatur,
1417 2404 1458 2439 ab
1473 2403 1597 2440 iisdem
1611 2403 1810 2451 ftequentet

1088 2450 1214 2491 resciri.
