2087 3610
638 231 1208 307 Philosophico-Politica.
1704 244 1792 316 165

149 312 342 366 'Conclusio
357 313 469 352 tertia.
528 313 707 353 Credibile
723 317 772 353 est
787 340 798 359 ,
815 319 913 366 quod
926 319 1069 354 Author
1084 327 1214 353 natuiae
1229 317 1328 354 Deus
1343 317 1386 354 ab
1407 316 1477 365 ipso
1486 320 1608 356 mundi
1622 325 1787 367 exordio,

54 368 199 418 quando
206 364 308 402 tertio
318 365 375 400 die
388 364 615 413 congregavit
631 377 735 413 aquas
745 366 781 402 in
794 366 915 402 locum
924 378 1053 407 unum,
1066 367 1132 402 toti
1145 377 1242 414 aquae
1258 366 1300 402 sal
1313 366 1486 414 liquidum
1500 369 1719 409 admiscuerit
1739 374 1784 409 ad

55 415 198 466 piscium
215 412 319 449 vitam
332 435 343 454 ,
357 411 393 449 ὅ(
408 422 531 448 contra
545 415 768 460 putredinem
783 425 891 462 aquae.
943 415 1045 450 Ratio
1061 414 1109 450 est
1120 437 1133 451 η
1158 416 1237 462 quia
1249 426 1292 450 ex
1305 415 1511 451 admistione
1524 417 1613 453 illius
1627 421 1785 468 corporis

54 477 144 514 aqua
155 462 192 499 fit
207 461 281 497 salsa
290 483 300 501 ,
308 461 406 515 quod
420 460 502 496 curn
516 460 686 509 separatur
694 485 705 503 ,
720 464 834 498 evadit
849 462 1000 511 insipida.
1052 463 1191 499 Deinde
1199 463 1279 511 quia
1290 474 1334 499 ex
1350 475 1440 511 aqua
1453 465 1556 499 maris
1564 477 1665 501 verus
1674 468 1715 503 lal
1725 481 1783 504 ex-

52 509 208 551 'tx-abitur,
217 510 302 545 dum
319 521 354 544 in
365 509 572 557 quibusdam
588 510 759 547 littoribus
774 510 889 546 aestivo
907 521 1068 560 tempore
1082 512 1184 546 maris
1199 523 1288 559 aqua
1301 512 1338 547 in
1354 512 1533 559 planitiem
1550 512 1700 561 aliquam
1714 516 1784 554 late

53 561 219 599 funditur,
227 557 263 594 ὅ(
271 558 456 598 retinetur,
471 559 659 594 tuncenim
669 559 758 595 Solis
767 559 882 615 calpre
891 570 1097 607 evaporatur
1110 571 1199 608 aqua
1207 583 1218 600 ,
1236 561 1272 596 ὅ(
1289 572 1345 595 ma
1373 572 1416 595 na
1428 559 1634 608 relinquitur
1644 562 1713 598 fiilis
1721 576 1783 600 co.

56 609 130 660 pia,
141 608 234 643 idem
248 604 321 642 sieri
338 605 451 655 potest
464 617 526 654 per
539 606 766 648 alembicum,
784 619 856 656 quo
867 607 888 642 fi
897 609 1118 644 moderatum
1134 608 1253 657 ignem
1268 609 1349 644 adhi
1376 610 1627 658 eas,excipitur
1640 623 1729 659 aqua
1742 624 1782 650 ο.

57 657 181 696 mnino
190 666 292 703 pura,
303 653 382 691 &in
397 654 510 691 fundo
525 655 607 691 vafis
623 656 828 704 relinquitur
836 655 901 692 Sal.

146 703 289 752 Qaeras
296 713 414 739 tamen
423 703 556 743 adhuc,
571 705 666 739 unde
675 705 732 740 hic
742 704 810 752 iple
823 703 938 751 liquor
950 703 1047 739 lalsus
1061 713 1160 740 ortus
1177 703 1235 743 iit}
1250 702 1350 753 Resp.
1366 705 1532 741 credibile
1547 705 1594 742 est
1609 706 1783 755 liquorem

49 752 147 791 hunc
161 761 279 787 ortum
294 750 361 788 csse
368 751 422 787 vel
440 752 521 786 oriri
535 751 684 800 potuisse
693 764 736 789 ex
754 752 855 800 copia
862 752 1141 793 exhalationum,
1158 764 1242 801 quas
1252 754 1350 788 Deus
1364 764 1407 789 ex
1423 766 1512 801 aqua
1526 754 1636 791 subito
1653 755 1782 793 elicuit.

51 800 191 839 Deinde
204 798 303 836 causa
313 798 380 836 effe
394 799 524 848 potest,
539 801 620 848 quia
628 800 726 850 ignes
740 802 852 842 nitro,
866 800 1038 841 alumine,
1059 801 1232 837 bitumine
1245 802 1368 837 ardent
1382 802 1441 838 sub
1455 803 1540 838 mari
1553 802 1784 853 efficiuntque

49 849 205 899 saporem
214 849 312 885 hunc
327 847 752 885 salsum&amarulentum
761 872 773 890 ,
789 849 982 885 accedente
996 859 1161 898 praeterea
1174 849 1305 885 tori-ida
1317 850 1352 886 vi
1367 850 1456 886 Solis
1465 874 1476 891 ,
1493 862 1569 898 quae
1583 852 1783 890 salsedinem

49 896 201 935 intendit
211 897 402 953 coquendo
412 896 448 933 ὅ(
457 898 709 946 congregando
723 897 954 934 bituminosos
965 897 1115 946 spiritus,
1124 899 1220 934 unde
1228 895 1340 945 major
1348 898 1474 935 salsedo
1482 899 1531 935 est
1544 901 1602 936 sub
1612 912 1702 937 zona
1709 911 1783 938 tor·

48 946 132 985 rida.
179 946 290 982 Addit
298 945 336 984 P.
345 945 491 982 Maurus
500 968 510 986 ,
519 947 616 994 quod
628 946 712 982 ficut
721 947 755 982 in
765 956 854 982 terra
864 946 978 994 plures
987 947 1021 982 iri
1050 956 1150 982 entes
1159 946 1232 982 salis
1241 948 1383 983 minerae
1390 948 1631 996 reperiuntur,
1639 949 1682 986 fic
1690 950 1727 986 in
1735 962 1781 987 eo

48 993 201 1039 maximo
211 993 318 1043 spatio
336 1004 524 1035 terrarum,
541 995 639 1043 quod
652 994 781 1043 tegitur
792 996 894 1035 mari,
909 995 986 1030 sunt
999 1007 1021 1043 p
1037 994 1154 1030 urimae
1168 995 1309 1031 minerae
1324 995 1415 1036 fiilis,
1431 997 1528 1044 quod
1542 1008 1624 1034 cum
1640 999 1682 1034 ab
1691 1011 1782 1047 aqua

48 1041 182 1092 liquefit
191 1043 306 1079 reddit
318 1042 409 1078 illam
420 1041 550 1078 salsam:
568 1043 663 1079 unde
677 1041 781 1079 etiam
799 1054 842 1079 ex
856 1055 900 1079 eo
909 1066 920 1084 ,
934 1044 1032 1091 quod
1047 1044 1206 1091 quaedam
1218 1044 1324 1080 maria
1332 1045 1514 1080 abundent
1528 1045 1682 1093 pluribus
1695 1069 1706 1088 ‚
1719 1056 1781 1084 aut

47 1091 269 1142 paucioribus
283 1091 425 1127 mineris
441 1090 512 1126 salis
525 1113 536 1131 ,
553 1089 628 1127 fieri
643 1091 757 1140 potest
769 1114 780 1132 ,
801 1101 841 1127 ut
849 1091 911 1127 fint
924 1092 1032 1142 magis
1045 1101 1105 1128 aut
1120 1092 1236 1127 minus
1251 1091 1337 1128 salla.
1388 1092 1630 1130 Confirmatur
1648 1095 1720 1132 hoc
1735 1106 1781 1134 ex

46 1139 216 1189 relatione
225 1139 344 1176 Insulae
361 1141 475 1175 ormus
489 1138 607 1180 dietae,
628 1151 704 1188 quae
721 1139 805 1175 nihil
821 1152 912 1189 pene
931 1140 978 1175 est
986 1140 1096 1181 aliud,
1112 1150 1340 1188 praeterquam
1356 1141 1464 1177 durus
1481 1141 1519 1178 ὅ(
1533 1142 1703 1179 candidus
1717 1144 1780 1185 sal,

49 1199 94 1226 ex
106 1199 178 1236 quo
194 1187 286 1225 aedes
296 1188 372 1237 ipsae
385 1187 642 1229 conficiuntur,
659 1188 711 1224 uti
725 1201 843 1237 neque
858 1189 946 1224 ullus
960 1190 1064 1224 etiam
1082 1189 1117 1224 in
1126 1188 1286 1238 praedi&a
1297 1188 1408 1225 Insula
1416 1200 1544 1238 puteus
1553 1202 1650 1239 aquae
1666 1192 1779 1229 dulcis

49 1237 228 1286 reperitur.
279 1236 386 1272 unde
400 1235 470 1272 [alis
487 1236 626 1285 copiam
635 1238 774 1273 marinIS
784 1237 879 1285 aquis
899 1236 1028 1273 subesse
1035 1238 1172 1273 videtur
1179 1246 1326 1273 certum.

144 1286 290 1334 Quaeres
297 1285 424 1333 primo,
473 1285 548 1320 Cur
563 1296 607 1321 ex
614 1286 727 1334 puteis
737 1286 828 1322 circa
839 1298 934 1322 mare
942 1283 1071 1321 effossis
1081 1285 1200 1322 dulces
1210 1286 1412 1321 hauriantur
1425 1284 1543 1322 latices
1556 1308 1567 1326 ,
1586 1285 1644 1322 etsi
1660 1285 1679 1321 a
1690 1286 1779 1323 mari

76 1332 258 1382 letumque
265 1334 420 1369 derivati.
474 1332 686 1381 Respondeo
695 1356 706 1374 ,
716 1335 889 1370 rationem
899 1333 1063 1383 esse,>quia
1069 1345 1258 1383 perarenas
1270 1331 1401 1381 trajeffi
1409 1334 1445 1370 ὅ(
1453 1334 1620 1382 percolati
1629 1345 1779 1372 terream

48 1344 138 1419 Klam
156 1382 425 1419 concretionem
442 1391 588 1418 exuunt.
638 1383 724 1418 Ideo
733 1393 772 1418 ut
785 1383 831 1418 ait
839 1383 970 1418 Plinius
988 1383 1045 1421 lib,
1054 1385 1174 1422 21.c.6.
1188 1381 1335 1419 demiffae
1350 1383 1386 1418 in
1395 1394 1489 1418 mare
1496 1383 1572 1431 pilae
1582 1394 1746 1420 concavae
1755 1384 1778 1420 e

51 1441 146 1471 cera,
164 1430 231 1467 live
244 1430 320 1466 vala
330 1442 430 1466 cerea
443 1431 602 1478 undique
616 1430 719 1466 densa
735 1431 804 1466 line
819 1431 955 1467 orificio
968 1454 979 1472 ,
997 1431 1137 1467 dulcem
1148 1432 1236 1468 intra
1250 1431 1282 1466 se
1297 1430 1465 1479 colligent
1472 1431 1678 1472 humorem,
1697 1432 1778 1480 quia

47 1488 200 1515 meatum
214 1479 373 1528 augustiis
382 1489 494 1527 partes
503 1480 670 1515 duntaxat
690 1480 867 1515 tenuiores
876 1491 972 1527 aquae
988 1480 1025 1516 ἀ
1039 1481 1202 1515 aterrena
1215 1480 1389 1515 mixtione
1403 1480 1575 1515 distr-caras
1591 1480 1777 1527 recipient,

47 1528 143 1563 unde
160 1527 316 1563 excluliis
330 1527 522 1562 remanebit
538 1527 610 1567 Sal,
628 1538 752 1575 utpote
768 1525 906 1563 crassior
924 1529 1076 1563 humore
1092 1528 1197 1565 dulci.
1248 1528 1304 1563 Sic
1313 1527 1531 1563 etiamelana
1539 1528 1778 1576 appenlalate.

49 1576 142 1612 ribus
158 1575 377 1625 navigiorum
386 1575 495 1611 dulcis
502 1574 618 1623 liquor
626 1576 845 1624 exprimitur,
863 1577 942 1624 quia
951 1576 1070 1612 succus
1079 1575 1135 1611 ille
1148 1575 1319 1612 halitusve
1327 1576 1480 1611 marinus
1488 1586 1528 1612 ut
1535 1575 1584 1612 est
1592 1575 1693 1613 valde
1700 1576 1776 1613 sub-

49 1623 130 1664 tilis,
146 1625 192 1660 ita
204 1634 349 1660 terrenae
360 1623 549 1659 adustionis
557 1624 642 1660 nihil
659 1626 770 1673 prope
784 1625 906 1665 habet,
924 1625 1007 1660 licut
1016 1635 1082 1662 nec
1096 1624 1220 1672 pluviae
1236 1625 1256 1659 e
1269 1624 1456 1673 vaporibus
1465 1625 1548 1662 mari
1554 1625 1606 1660 riis
1621 1635 1723 1666 ortae,
1732 1625 1777 1662 {al

50 1673 143 1709 enim
151 1684 239 1721 aqua
247 1673 385 1722 gravior
392 1673 427 1708 iri
435 1683 583 1728 vapores
592 1684 666 1708 non
673 1671 821 1722 assurgit.
848 1673 937 1708 Sunt
946 1683 1064 1709 tamen
1083 1673 1187 1708 etiam
1196 1672 1296 1709 multi
1304 1674 1421 1708 fontes
1429 1672 1568 1712 &lacus
1581 1672 1657 1715 salsi,
1667 1685 1777 1721 quan-

49 1723 95 1758 do
105 1732 234 1770 nempe
241 1721 288 1756 ita
295 1721 316 1756 e
323 1721 407 1756 mari
417 1721 627 1761 derivantur,
636 1731 675 1757 ut
684 1733 758 1757 non
768 1722 842 1758 latis
851 1722 1013 1758 colentur
1021 1734 1032 1766 ;
1040 1721 1095 1757 vel
1104 1733 1190 1757 vero
1223 1722 1277 1757 uia
1285 1732 1347 1769 per
1355 1732 1462 1759 venas
1471 1724 1579 1760 salitas
1586 1722 1777 1762 transeunt.

142 1770 288 1819 Qaeres
301 1769 467 1806 secundo.
517 1769 679 1806 Curloca
688 1770 818 1805 marina
828 1769 891 1805 lint
899 1771 1014 1805 minus
1022 1770 1156 1818 frigida.
1241 1769 1419 1818 espondeo
1436 1773 1572 1810 caulam
1583 1769 1667 1811 effe,
1676 1772 1776 1820 quod

49 1829 143 1854 mare
152 1817 427 1855 exhalationibus
443 1817 537 1854 siccis
551 1817 589 1854 ὅ(
601 1818 720 1854 calidis
736 1818 955 1867 consperliitn
965 1819 1012 1857 iit.
1066 1809 1167 1855 Hinc
1181 1818 1287 1854 etiam
1301 1818 1433 1854 marina
1446 1833 1535 1871 aqua
1547 1818 1720 1862 calefacit,
1736 1820 1776 1858 δε

51 1866 209 1907 exiiccat,
225 1875 264 1902 ut
275 1867 408 1912 docent
421 1866 562 1905 medici.

142 1915 291 1964 Quaeres
303 1915 421 1950 tertio.
472 1915 608 1951 Utrum'
616 1925 710 1950 mare
720 1914 757 1951 fit
764 1914 873 1963 magis
883 1913 1000 1950 salsum
1016 1915 1052 1950 in
1068 1913 1264 1963 superficie,
1279 1914 1384 1963 quam
1399 1913 1570 1953 infundo,
1618 1913 1777 1964 Respon-

52 1963 119 1999 deo
133 1986 144 2005 ‚
158 1963 264 2013 vulgo
278 1963 422 2012 quidem
436 1963 505 2000 dici
521 1986 532 2003 ,
546 1975 642 1999 mare
659 1964 695 1999 in
711 1953 890 2010 superficie
905 1961 1028 2010 majori
1043 1964 1225 2011 praeditum
1247 1962 1408 1999 salsedine
1430 1963 1478 1998 ob
1491 1961 1581 1998 Solis
1601 1963 1778 2006 calorem.

47 2013 107 2060 qui
120 2013 430 2060 parteshumorum
441 2009 891 2048 marinorumleviffimas&
906 2012 987 2047 ideo
1003 2011 1124 2049 dulces
1140 2009 1273 2047 affiduo
1288 2010 1454 2052 extrahit,
1469 2010 1596 2048 reliffls
1610 2012 1778 2061 graviori-

51 2061 129 2101 bus,
146 2061 181 2096 in
196 2059 320 2110 quibus
336 2057 463 2096 salsedo
481 2060 650 2100 confistit,
666 2072 709 2096 ex
725 2072 797 2108 quo
813 2059 852 2095 fit
866 2083 877 2100 ,
892 2070 931 2096 ut
946 2072 1036 2108 aqua
1049 2083 1060 2100 ,
1081 2071 1157 2108 quae
1172 2060 1258 2095 relin
1287 2060 1379 2095 uitur
1390 2082 1401 2100 ,
1421 2060 1546 2096 evadat
1563 2060 1674 2116 magis
1689 2060 1778 2099 salla.

48 2109 145 2145 Vero
159 2109 296 2151 similius
305 2119 422 2144 tamen
431 2108 496 2149 est,
505 2109 645 2145 coeteris
653 2109 789 2156 paribus
796 2131 806 2149 ,
814 2121 938 2156 aquam
947 2109 1048 2144 maris
1058 2108 1093 2144 in
1102 2109 1215 2144 fundo
1226 2108 1266 2143 sal
1282 2119 1393 2144 iorem
1401 2106 1469 2144 esse
1477 2130 1487 2148 ,
1499 2119 1604 2156 quam
1617 2120 1654 2145 in
1662 2109 1778 2158 super-

50 2155 142 2198 ficie,
157 2158 253 2205 quod
261 2169 350 2212 aqua
364 2156 438 2193 (alsa
454 2157 491 2193 sit
505 2157 762 2206 dulcigravior3
780 2168 889 2192 omne
905 2166 1022 2192 autem
1056 2169 1136 2193 rave
1144 2156 1341 2193 descendat.
1393 2156 1534 2193 Deinde
1547 2168 1631 2193 cum
1645 2168 1688 2194 ex
1704 2157 1779 2194 salis

50 2205 176 2241 fodinis
190 2206 274 2242 mari
283 2206 424 2242 {ubditis
441 2204 568 2241 salsedo
576 2205 694 2260 potilis
705 2228 716 2246 ,
730 2217 835 2254 quam
844 2207 862 2241 a
873 2204 948 2241 solis
956 2217 1022 2242 exu
1054 2206 1136 2241 ione
1145 2205 1237 2240 suam
1253 2205 1359 2240 ducat
1366 2204 1554 2254 originem,
1564 2206 1668 2241 etiam
1676 2217 1775 2255 aquae

51 2254 104 2290 his
115 2254 244 2290 fodinis
259 2254 457 2302 propriores
464 2251 589 2301 majori
600 2253 672 2289 salis
681 2254 782 2302 copia
790 2254 900 2289 imbui
910 2255 1052 2290 debent.
1104 2254 1205 2289 Idem
1214 2253 1407 2289 dicendum
1417 2256 1461 2289 de
1469 2253 1642 2290 littoribus
1651 2254 1753 2291 maris
1763 2267 1778 2301 ;

52 2314 130 2338 nam
142 2303 356 2340 ubiviciuam
372 2302 442 2338 salis
449 2303 637 2343 mineram,
646 2313 742 2338 mare
752 2303 929 2339 continuis
937 2301 1098 2338 fluffibus
1109 2301 1261 2342 alluerit,
1270 2302 1306 2337 id
1315 2300 1479 2350 salsugine
1492 2302 1529 2337 in
1537 2302 1654 2338 littote
1662 2303 1777 2339 inten-

51 2350 113 2387 fitis
121 2374 131 2391 ‚
141 2363 244 2399 quam
254 2352 288 2386 in
301 2352 421 2386 medio
429 2351 538 2388 imbui
547 2349 684 2386 necesse
692 2351 739 2387 est
747 2364 759 2397 3
774 2361 814 2388 ut
823 2351 926 2387 etiam
936 2350 1057 2393 salinae,
1065 2361 1142 2399 quae
1151 2351 1195 2387 ad
1203 2350 1311 2399 ripam
1319 2351 1422 2386 maris
1429 2361 1561 2400 magno
1571 2350 1776 2389 mortalium

51 2401 242 2436 commodo
252 2399 482 2442 instruuntur,
495 2399 570 2436 satis
577 2398 754 2435 testantur.

144 2449 290 2498 Qaeres
305 2458 441 2496 quarto.
490 2447 566 2484 Cur
573 2448 704 2484 marina
715 2460 802 2496 aqua
814 2448 914 2496 potui
923 2447 1041 2496 inepta
1053 2447 1092 2483 iit
1104 2446 1120 2486 5
1131 2446 1359 2495 Respondeo,
1374 2445 1510 2482 causam
1526 2445 1595 2483 effe
1606 2469 1618 2488 ,
1634 2445 1717 2495 quia
1731 2445 1776 2484 sal

54 2493 354 2552 linguampungit,
367 2497 450 2533 ciim
467 2495 603 2533 constet
618 2495 786 2545 spiritibus
796 2508 870 2532 non
884 2495 985 2532 facile
998 2497 1017 2531 a
1029 2495 1172 2532 materia
1184 2495 1283 2531 molli
1299 2493 1505 2531 flexibilibus
1518 2517 1530 2536 ,
1544 2495 1604 2543 qui
1618 2495 1655 2530 in
1664 2494 1776 2543 cuspi-

53 2544 113 2580 des
126 2542 226 2590 ere&
239 2545 390 2582 telorum
406 2544 507 2581 instar
520 2544 649 2595 linguae
665 2556 774 2591 poros
791 2545 1036 2595 ingrediuntur
1051 2567 1063 2586 ,
1077 2553 1183 2592 atque
1196 2543 1242 2579 ita
1284 2544 1479 2580 enetrando
1492 2553 1675 2592 pungunt,
1691 2543 1778 2580 ciim

50 2594 192 2680 :gutta
199 2603 312 2643 partes
324 2604 421 2643 aquae
436 2593 558 2630 dulces
573 2592 725 2630 molliter
738 2591 853 2630 fluidae
864 2616 877 2637 «,
892 2594 939 2629 ob
948 2592 1168 2634 facilitatem,
1177 2592 1245 2641 qua
1278 2590 1458 2634 cetuntur,
1474 2591 1620 2629 suaviter
1631 2591 1774 2641 gustum

109 2652 208 2681 ciant,
238 2650 262 2676 a.

145 2691 291 2740 Qaeres
305 2690 441 2739 quinto.
491 2689 663 2739 Curaqua
678 2689 925 2726 sallacalefafila
939 2688 1241 2726 salfiorreddatur?
1256 2687 1486 2738 Respondeo,
1501 2687 1582 2736 quia
1589 2698 1672 2724 cum
1680 2686 1775 2724 mul·

52 2747 93 2775 tae
105 2749 216 2787 partes
225 2751 321 2788 aquae
335 2751 397 2787 per
405 2737 558 2775 calorem
575 2748 760 2775 attenuatae
768 2737 910 2774 avolent
917 2760 927 2777 ,
941 2738 1066 2773 eadem
1075 2737 1147 2774 salis
1156 2737 1328 2786 quantitas
1343 2737 1518 2772 minorem
1526 2746 1623 2784 aquae
1631 2735 1772 2772 materi-

53 2798 107 2822 am
122 2787 328 2835 superstitem
337 2788 445 2833 magis
453 2787 709 2836 consequenter
717 2785 829 2822 saliam
840 2785 969 2832 efficit3
984 2786 1026 2822 sal
1041 2787 1188 2835 quippe,
1205 2797 1273 2822 ηερ
1285 2785 1368 2821 801ε
1381 2807 1392 2825 ,
1409 2796 1476 2820 ηερ
1489 2785 1572 2834 igne
1585 2785 1620 2820 in
1627 2794 1777 2832 vapores

52 2835 229 2872 resolvitur
241 2859 252 2876 ,
269 2847 336 2872 nec
348 2826 505 2872 bullienti
521 2847 618 2884 aquae
632 2833 779 2883 injeaus
795 2844 977 2890 evaporat,
991 2834 1072 2870 alias
1087 2834 1203 2870 nullus
1218 2835 1316 2870 cibus
1335 2842 1548 2881 coqueretur
1562 2831 1679 2879 salsus3
1698 2843 1778 2870 non

78 2885 129 2919 uia
144 2894 263 2920 natura
271 2885 424 2934 gravior,
437 2884 546 2921 multa
562 2885 657 2920 enim
673 2884 789 2933 gravia
803 2883 989 2920 levioribus
1002 2883 1135 2919 facilius
1150 2892 1393 2922 attenuantur,
1406 2881 1451 2917 fic
1463 2880 1674 2921 mercurius,
1687 2892 1778 2929 aqua

53 2895 121 2968 gre.
135 2932 214 2968 oleo
270 2933 367 2968 avior
382 2932 430 2968 est
441 2955 453 2974 ,
469 2944 551 2969 cum
567 2943 686 2969 tamen
697 2944 785 2980 aqua
797 2943 866 2980 prae
881 2931 983 2972 oleo,
997 2931 1034 2968 &
1045 2941 1114 2980 prae
1126 2942 1216 2980 aqua
1229 2930 1422 2966 mercurius
1439 2929 1540 2965 citius
1553 2930 1655 2966 abeat
1667 2929 1704 2966 in
1717 2941 1779 2967 va·

54 2991 173 3028 pores;
187 2980 217 3017 se
257 2982 337 3029 quia
346 2980 478 3030 spiritus
491 2979 564 3017 salis
577 2981 729 3018 maxime
743 2979 802 3016 fixi
821 2981 912 3018 adeo
933 2980 1102 3017 tenaciter
1118 2979 1151 3017 se
1166 2980 1318 3016 materiae
1339 2979 1546 3025 intorquent
1558 3000 1570 3020 ,
1591 2987 1631 3014 ut
1652 2977 1779 3027 expelli

55 3040 126 3064 non
142 3029 239 3065 facile
254 3026 395 3078 poffint.

150 3077 293 3126 Quaeres
308 3077 414 3117 sexto.
464 3076 654 3126 Curpisces
663 3077 786 3113 marini
799 3087 874 3112 non
884 3075 1187 3114 afficianturmaris
1202 3074 1375 3113 salsedinei
1399 3072 1779 3122 Respondemcauiam

57 3122 269 3165 effffiillorum
278 3125 430 3162 calorem
438 3126 629 3162 naturalem
640 3126 850 3175 separantem
859 3125 963 3161 dulce
973 3126 993 3161 a
1000 3125 1091 3164 salso.
1142 3125 1238 3162 Hine
1246 3134 1335 3172 aqua
1341 3123 1508 3159 duntaxat
1515 3123 1608 3159 dulci
1617 3123 1778 3159 matrim]-

57 3181 125 3216 tur,
132 3174 330 3223 unde&ipsi
341 3175 485 3212 minime
498 3174 565 3211 salli
580 3174 666 3213 sunt.
717 3173 930 3259 Occaiiongc
928 3172 1031 3221 hujus
1040 3173 1178 3223 quaefiti,
1186 3181 1400 3222 notapraeter
1406 3170 1496 3212 dieta
1504 3172 1550 3209 de
1562 3170 1779 3257 ffl2t0¹¹il³i¹¹

955 3232 972 3269 ς
1642 3230 1777 3258 marina
