<?xml version="1.0" encoding="UTF-8"?>
<!DOCTYPE html PUBLIC "-//W3C//DTD XHTML 1.0 Transitional//EN"
    "http://www.w3.org/TR/xhtml1/DTD/xhtml1-transitional.dtd">
<html xmlns="http://www.w3.org/1999/xhtml" xml:lang="en" lang="en">
 <head>
  <title>
</title>
<meta http-equiv="Content-Type" content="text/html;charset=utf-8" />
  <meta name='ocr-system' content='tesseract 3.04.00' />
  <meta name='ocr-capabilities' content='ocr_page ocr_carea ocr_par ocr_line ocrx_word'/>
</head>
<body>
  <div class='ocr_page' id='page_1' title='image "./meteorologiaphil00reinz/meteorologiaphil00reinz_0059.png"; bbox 0 0 2087 3610; ppageno 0'>
   <div class='ocr_carea' id='block_1_1' title="bbox 578 238 1747 312">
    <p class='ocr_par' dir='ltr' id='par_1_1' title="bbox 578 238 1747 312">
     <span class='ocr_line' id='line_1_1' title="bbox 578 238 1747 312; baseline -0.003 -18"><span class='ocrx_word' id='word_1_1' title='bbox 578 238 1148 312; x_wconf 83' lang='lat' dir='ltr'>Philosophico—Politica.</span> <span class='ocrx_word' id='word_1_2' title='bbox 1669 260 1747 312; x_wconf 86' lang='lat'>49</span> 
     </span>
    </p>
   </div>
   <div class='ocr_carea' id='block_1_2' title="bbox 31 319 1765 3173">
    <p class='ocr_par' dir='ltr' id='par_1_2' title="bbox 31 319 1755 420">
     <span class='ocr_line' id='line_1_2' title="bbox 31 319 1755 375; baseline 0 -13"><span class='ocrx_word' id='word_1_3' title='bbox 31 323 148 363; x_wconf 82' lang='lat' dir='ltr'>rienlis</span> <span class='ocrx_word' id='word_1_4' title='bbox 158 319 321 360; x_wconf 80' lang='lat' dir='ltr'>decidisse</span> <span class='ocrx_word' id='word_1_5' title='bbox 330 343 342 362; x_wconf 88' lang='lat'>,</span> <span class='ocrx_word' id='word_1_6' title='bbox 359 319 612 357; x_wconf 80' lang='lat' dir='ltr'>&amp;mueronem</span> <span class='ocrx_word' id='word_1_7' title='bbox 621 320 741 370; x_wconf 83' lang='lat' dir='ltr'><strong>gladii,</strong></span> <span class='ocrx_word' id='word_1_8' title='bbox 749 321 808 369; x_wconf 89' lang='lat' dir='ltr'>qui</span> <span class='ocrx_word' id='word_1_9' title='bbox 817 321 860 356; x_wconf 83' lang='lat' dir='ltr'>ad</span> <span class='ocrx_word' id='word_1_10' title='bbox 867 320 996 357; x_wconf 64' lang='lat' dir='ltr'>lestum</span> <span class='ocrx_word' id='word_1_11' title='bbox 1005 321 1108 358; x_wconf 85' lang='lat' dir='ltr'>unius</span> <span class='ocrx_word' id='word_1_12' title='bbox 1124 323 1171 358; x_wconf 90' lang='lat' dir='ltr'>de</span> <span class='ocrx_word' id='word_1_13' title='bbox 1177 321 1316 359; x_wconf 84' lang='lat' dir='ltr'>famulis</span> <span class='ocrx_word' id='word_1_14' title='bbox 1326 323 1495 373; x_wconf 84' lang='lat' dir='ltr'>dependit</span> <span class='ocrx_word' id='word_1_15' title='bbox 1508 347 1518 364; x_wconf 97' lang='lat'>,</span> <span class='ocrx_word' id='word_1_16' title='bbox 1535 325 1579 360; x_wconf 78' lang='lat' dir='ltr'>ita</span> <span class='ocrx_word' id='word_1_17' title='bbox 1588 326 1755 375; x_wconf 88' lang='lat' dir='ltr'>collique-</span> 
     </span>
     <span class='ocr_line' id='line_1_3' title="bbox 32 367 1126 420; baseline -0.004 -11"><span class='ocrx_word' id='word_1_18' title='bbox 32 371 158 412; x_wconf 81' lang='lat' dir='ltr'>feciffe,</span> <span class='ocrx_word' id='word_1_19' title='bbox 167 371 248 408; x_wconf 91' lang='lat' dir='ltr'>utin</span> <span class='ocrx_word' id='word_1_20' title='bbox 257 369 438 420; x_wconf 85' lang='lat' dir='ltr'>globulum</span> <span class='ocrx_word' id='word_1_21' title='bbox 448 367 480 404; x_wconf 87' lang='lat' dir='ltr'>se</span> <span class='ocrx_word' id='word_1_22' title='bbox 493 370 708 405; x_wconf 90' lang='lat' dir='ltr'>converterit</span> <span class='ocrx_word' id='word_1_23' title='bbox 721 369 845 418; x_wconf 85' lang='lat' dir='ltr'>vagina</span> <span class='ocrx_word' id='word_1_24' title='bbox 883 370 996 406; x_wconf 80' lang='lat' dir='ltr'>enitus</span> <span class='ocrx_word' id='word_1_25' title='bbox 1013 369 1126 406; x_wconf 75' lang='lat' dir='ltr'>illaesa.</span> 
     </span>
    </p>

    <p class='ocr_par' dir='ltr' id='par_1_3' title="bbox 31 417 1755 708">
     <span class='ocr_line' id='line_1_4' title="bbox 128 417 1752 468; baseline -0.001 -12"><span class='ocrx_word' id='word_1_26' title='bbox 128 421 334 464; x_wconf 87' lang='lat' dir='ltr'>Ann01560.</span> <span class='ocrx_word' id='word_1_27' title='bbox 344 418 517 453; x_wconf 86' lang='lat' dir='ltr'>referente</span> <span class='ocrx_word' id='word_1_28' title='bbox 523 417 782 465; x_wconf 87' lang='lat' dir='ltr'>Torquemade,</span> <span class='ocrx_word' id='word_1_29' title='bbox 791 417 826 452; x_wconf 92' lang='lat' dir='ltr'>in</span> <span class='ocrx_word' id='word_1_30' title='bbox 876 417 1017 466; x_wconf 87' lang='lat' dir='ltr'>ispania,</span> <span class='ocrx_word' id='word_1_31' title='bbox 1033 419 1143 467; x_wconf 80' lang='lat' dir='ltr'>prope</span> <span class='ocrx_word' id='word_1_32' title='bbox 1149 429 1278 468; x_wconf 76' lang='lat' dir='ltr'>pagum</span> <span class='ocrx_word' id='word_1_33' title='bbox 1297 420 1465 454; x_wconf 75' lang='lat' dir='ltr'>Benavau&#39;de</span> <span class='ocrx_word' id='word_1_34' title='bbox 1475 443 1485 459; x_wconf 95' lang='lat'>,</span> <span class='ocrx_word' id='word_1_35' title='bbox 1501 421 1574 456; x_wconf 93' lang='lat' dir='ltr'>duo</span> <span class='ocrx_word' id='word_1_36' title='bbox 1584 422 1618 456; x_wconf 89' lang='lat' dir='ltr'>in</span> <span class='ocrx_word' id='word_1_37' title='bbox 1630 423 1752 459; x_wconf 81' lang='lat' dir='ltr'>itinere</span> 
     </span>
     <span class='ocr_line' id='line_1_5' title="bbox 31 464 1748 517; baseline 0.002 -12"><span class='ocrx_word' id='word_1_38' title='bbox 31 468 208 506; x_wconf 87' lang='lat' dir='ltr'>constituti</span> <span class='ocrx_word' id='word_1_39' title='bbox 215 465 547 517; x_wconf 80' lang='lat' dir='ltr'>ingruenteterribili</span> <span class='ocrx_word' id='word_1_40' title='bbox 556 464 758 513; x_wconf 86' lang='lat' dir='ltr'>tempestate</span> <span class='ocrx_word' id='word_1_41' title='bbox 766 464 920 501; x_wconf 65' lang='lat' dir='ltr'>fulminis</span> <span class='ocrx_word' id='word_1_42' title='bbox 929 467 961 502; x_wconf 92' lang='lat' dir='ltr'>vi</span> <span class='ocrx_word' id='word_1_43' title='bbox 971 465 1006 502; x_wconf 89' lang='lat' dir='ltr'>in</span> <span class='ocrx_word' id='word_1_44' title='bbox 1022 476 1149 503; x_wconf 87' lang='lat' dir='ltr'>terram</span> <span class='ocrx_word' id='word_1_45' title='bbox 1160 466 1471 516; x_wconf 78' lang='lat' dir='ltr'>prostratI.Horum</span> <span class='ocrx_word' id='word_1_46' title='bbox 1480 480 1570 504; x_wconf 89' lang='lat' dir='ltr'>unus</span> <span class='ocrx_word' id='word_1_47' title='bbox 1578 471 1688 507; x_wconf 84' lang='lat' dir='ltr'>valida</span> <span class='ocrx_word' id='word_1_48' title='bbox 1698 483 1748 508; x_wconf 82' lang='lat' dir='ltr'>re-</span> 
     </span>
     <span class='ocr_line' id='line_1_6' title="bbox 34 512 1752 567; baseline 0.001 -15"><span class='ocrx_word' id='word_1_49' title='bbox 34 527 202 566; x_wconf 85' lang='lat' dir='ltr'>cuperans</span> <span class='ocrx_word' id='word_1_50' title='bbox 209 516 363 552; x_wconf 88' lang='lat' dir='ltr'>membra</span> <span class='ocrx_word' id='word_1_51' title='bbox 372 513 529 553; x_wconf 87' lang='lat' dir='ltr'>surrexit,</span> <span class='ocrx_word' id='word_1_52' title='bbox 540 513 577 550; x_wconf 74' lang='grc' dir='ltr'>ὅ(</span> <span class='ocrx_word' id='word_1_53' title='bbox 584 514 667 549; x_wconf 90' lang='lat' dir='ltr'>abiit</span> <span class='ocrx_word' id='word_1_54' title='bbox 675 512 796 549; x_wconf 57' lang='lat' dir='ltr'>relicto</span> <span class='ocrx_word' id='word_1_55' title='bbox 805 513 900 550; x_wconf 85' lang='lat' dir='ltr'>socio</span> <span class='ocrx_word' id='word_1_56' title='bbox 907 536 918 554; x_wconf 89' lang='lat'>,</span> <span class='ocrx_word' id='word_1_57' title='bbox 933 526 1040 562; x_wconf 89' lang='lat' dir='ltr'>quem</span> <span class='ocrx_word' id='word_1_58' title='bbox 1056 515 1186 551; x_wconf 89' lang='lat' dir='ltr'>deinde</span> <span class='ocrx_word' id='word_1_59' title='bbox 1194 514 1317 551; x_wconf 85' lang='lat' dir='ltr'>incolae</span> <span class='ocrx_word' id='word_1_60' title='bbox 1327 515 1472 564; x_wconf 77' lang='lat' dir='ltr'>praefatae</span> <span class='ocrx_word' id='word_1_61' title='bbox 1483 517 1631 553; x_wconf 80' lang='lat' dir='ltr'>coloniae</span> <span class='ocrx_word' id='word_1_62' title='bbox 1639 520 1752 567; x_wconf 86' lang='lat' dir='ltr'>requi-</span> 
     </span>
     <span class='ocr_line' id='line_1_7' title="bbox 34 562 1755 611; baseline -0.001 -8"><span class='ocrx_word' id='word_1_63' title='bbox 34 575 150 603; x_wconf 79' lang='lat' dir='ltr'>rentes</span> <span class='ocrx_word' id='word_1_64' title='bbox 159 564 351 602; x_wconf 84' lang='lat' dir='ltr'>exanimem</span> <span class='ocrx_word' id='word_1_65' title='bbox 359 563 578 602; x_wconf 87' lang='lat' dir='ltr'>invenerunt,</span> <span class='ocrx_word' id='word_1_66' title='bbox 587 573 737 610; x_wconf 88' lang='lat' dir='ltr'>corpore</span> <span class='ocrx_word' id='word_1_67' title='bbox 745 562 886 609; x_wconf 87' lang='lat' dir='ltr'>quidem</span> <span class='ocrx_word' id='word_1_68' title='bbox 895 562 1033 611; x_wconf 86' lang='lat' dir='ltr'>integro</span> <span class='ocrx_word' id='word_1_69' title='bbox 1042 563 1079 600; x_wconf 72' lang='grc' dir='ltr'>ὃς</span> <span class='ocrx_word' id='word_1_70' title='bbox 1087 564 1236 599; x_wconf 90' lang='lat' dir='ltr'>omnino</span> <span class='ocrx_word' id='word_1_71' title='bbox 1246 562 1347 599; x_wconf 83' lang='lat' dir='ltr'>illaelo</span> <span class='ocrx_word' id='word_1_72' title='bbox 1361 587 1372 604; x_wconf 90' lang='lat'>,</span> <span class='ocrx_word' id='word_1_73' title='bbox 1389 564 1445 600; x_wconf 85' lang='lat' dir='ltr'>fed</span> <span class='ocrx_word' id='word_1_74' title='bbox 1454 563 1582 601; x_wconf 70' lang='lat' dir='ltr'>ossibus</span> <span class='ocrx_word' id='word_1_75' title='bbox 1591 569 1755 603; x_wconf 82' lang='lat' dir='ltr'>omnibus</span> 
     </span>
     <span class='ocr_line' id='line_1_8' title="bbox 34 609 1752 663; baseline 0 -12"><span class='ocrx_word' id='word_1_76' title='bbox 34 614 82 650; x_wconf 83' lang='lat' dir='ltr'>ita</span> <span class='ocrx_word' id='word_1_77' title='bbox 89 612 312 650; x_wconf 79' lang='lat' dir='ltr'>comminutis</span> <span class='ocrx_word' id='word_1_78' title='bbox 320 620 380 647; x_wconf 89' lang='lat' dir='ltr'>aut</span> <span class='ocrx_word' id='word_1_79' title='bbox 387 609 550 646; x_wconf 89' lang='lat' dir='ltr'>emollitis</span> <span class='ocrx_word' id='word_1_80' title='bbox 557 633 567 651; x_wconf 92' lang='lat'>,</span> <span class='ocrx_word' id='word_1_81' title='bbox 577 620 616 646; x_wconf 90' lang='lat' dir='ltr'>ut</span> <span class='ocrx_word' id='word_1_82' title='bbox 622 620 739 646; x_wconf 88' lang='lat' dir='ltr'>totum</span> <span class='ocrx_word' id='word_1_83' title='bbox 749 620 876 657; x_wconf 85' lang='lat' dir='ltr'>corpus</span> <span class='ocrx_word' id='word_1_84' title='bbox 884 611 973 658; x_wconf 86' lang='lat' dir='ltr'>quali</span> <span class='ocrx_word' id='word_1_85' title='bbox 984 623 1052 646; x_wconf 87' lang='lat' dir='ltr'>una</span> <span class='ocrx_word' id='word_1_86' title='bbox 1059 623 1140 647; x_wconf 91' lang='lat' dir='ltr'>caro</span> <span class='ocrx_word' id='word_1_87' title='bbox 1151 613 1287 660; x_wconf 76' lang='lat' dir='ltr'>quaqua</span> <span class='ocrx_word' id='word_1_88' title='bbox 1296 613 1410 648; x_wconf 89' lang='lat' dir='ltr'>versus</span> <span class='ocrx_word' id='word_1_89' title='bbox 1420 614 1457 648; x_wconf 89' lang='lat' dir='ltr'>in</span> <span class='ocrx_word' id='word_1_90' title='bbox 1465 625 1611 650; x_wconf 88' lang='lat' dir='ltr'>omnem</span> <span class='ocrx_word' id='word_1_91' title='bbox 1619 625 1752 663; x_wconf 87' lang='lat' dir='ltr'>partem</span> 
     </span>
     <span class='ocr_line' id='line_1_9' title="bbox 33 658 965 708; baseline -0.004 -10"><span class='ocrx_word' id='word_1_92' title='bbox 33 659 344 698; x_wconf 86' lang='lat' dir='ltr'>mollisinstatcorii</span> <span class='ocrx_word' id='word_1_93' title='bbox 353 658 555 708; x_wconf 85' lang='lat' dir='ltr'>complicari</span> <span class='ocrx_word' id='word_1_94' title='bbox 579 659 614 695; x_wconf 75' lang='grc' dir='ltr'>ὅ(</span> <span class='ocrx_word' id='word_1_95' title='bbox 626 658 790 694; x_wconf 89' lang='lat' dir='ltr'>convolvi</span> <span class='ocrx_word' id='word_1_96' title='bbox 800 659 965 706; x_wconf 87' lang='lat' dir='ltr'>potuerit.</span> 
     </span>
    </p>

    <p class='ocr_par' dir='ltr' id='par_1_4' title="bbox 129 706 1756 758">
     <span class='ocr_line' id='line_1_10' title="bbox 129 706 1756 758; baseline 0.002 -14"><span class='ocrx_word' id='word_1_97' title='bbox 129 708 272 758; x_wconf 80' lang='lat' dir='ltr'>Aliquot</span> <span class='ocrx_word' id='word_1_98' title='bbox 278 707 404 744; x_wconf 82' lang='lat' dir='ltr'>abhinc</span> <span class='ocrx_word' id='word_1_99' title='bbox 413 707 512 742; x_wconf 84' lang='lat' dir='ltr'>annis</span> <span class='ocrx_word' id='word_1_100' title='bbox 524 706 894 756; x_wconf 74' lang='lat' dir='ltr'>Heidingsfeldiaemon</span> <span class='ocrx_word' id='word_1_101' title='bbox 903 706 1024 754; x_wconf 88' lang='lat' dir='ltr'>procul</span> <span class='ocrx_word' id='word_1_102' title='bbox 1036 707 1220 751; x_wconf 87' lang='lat' dir='ltr'>Herbipoli</span> <span class='ocrx_word' id='word_1_103' title='bbox 1235 731 1247 748; x_wconf 90' lang='lat'>,</span> <span class='ocrx_word' id='word_1_104' title='bbox 1256 708 1316 744; x_wconf 86' lang='lat' dir='ltr'>ubi</span> <span class='ocrx_word' id='word_1_105' title='bbox 1324 707 1458 746; x_wconf 88' lang='lat' dir='ltr'>fulmen</span> <span class='ocrx_word' id='word_1_106' title='bbox 1468 719 1549 745; x_wconf 89' lang='lat' dir='ltr'>ante</span> <span class='ocrx_word' id='word_1_107' title='bbox 1558 710 1691 758; x_wconf 85' lang='lat' dir='ltr'>aliquot</span> <span class='ocrx_word' id='word_1_108' title='bbox 1698 723 1756 747; x_wconf 83' lang='lat' dir='ltr'>an-</span> 
     </span>
    </p>

    <p class='ocr_par' dir='ltr' id='par_1_5' title="bbox 32 755 1763 1663">
     <span class='ocr_line' id='line_1_11' title="bbox 34 755 1756 805; baseline -0.001 -10"><span class='ocrx_word' id='word_1_109' title='bbox 34 757 227 795; x_wconf 78' lang='lat' dir='ltr'>nosturrim</span> <span class='ocrx_word' id='word_1_110' title='bbox 235 755 388 792; x_wconf 82' lang='lat' dir='ltr'>Ecclefiae</span> <span class='ocrx_word' id='word_1_111' title='bbox 396 766 459 803; x_wconf 89' lang='lat' dir='ltr'>pro</span> <span class='ocrx_word' id='word_1_112' title='bbox 487 755 628 802; x_wconf 88' lang='lat' dir='ltr'>inquam</span> <span class='ocrx_word' id='word_1_113' title='bbox 637 779 647 795; x_wconf 96' lang='lat'>,</span> <span class='ocrx_word' id='word_1_114' title='bbox 665 767 768 803; x_wconf 87' lang='lat' dir='ltr'>quam</span> <span class='ocrx_word' id='word_1_115' title='bbox 777 755 895 790; x_wconf 88' lang='lat' dir='ltr'>Sartor</span> <span class='ocrx_word' id='word_1_116' title='bbox 906 767 988 790; x_wconf 89' lang='lat' dir='ltr'>cum</span> <span class='ocrx_word' id='word_1_117' title='bbox 1000 757 1108 791; x_wconf 90' lang='lat' dir='ltr'>tribus</span> <span class='ocrx_word' id='word_1_118' title='bbox 1120 755 1195 792; x_wconf 80' lang='lat' dir='ltr'>filiis</span> <span class='ocrx_word' id='word_1_119' title='bbox 1209 757 1431 797; x_wconf 83' lang='lat' dir='ltr'>inhabitavit,</span> <span class='ocrx_word' id='word_1_120' title='bbox 1449 759 1644 795; x_wconf 87' lang='lat' dir='ltr'>terribiliter</span> <span class='ocrx_word' id='word_1_121' title='bbox 1652 761 1756 805; x_wconf 87' lang='lat' dir='ltr'>feriit;</span> 
     </span>
     <span class='ocr_line' id='line_1_12' title="bbox 33 800 1758 857; baseline 0.001 -14"><span class='ocrx_word' id='word_1_122' title='bbox 33 805 203 843; x_wconf 85' lang='lat' dir='ltr'>Sartoriin</span> <span class='ocrx_word' id='word_1_123' title='bbox 211 803 422 853; x_wconf 83' lang='lat' dir='ltr'>hypocausto</span> <span class='ocrx_word' id='word_1_124' title='bbox 431 804 466 852; x_wconf 89' lang='lat' dir='ltr'>pi</span> <span class='ocrx_word' id='word_1_125' title='bbox 481 814 521 838; x_wconf 91' lang='lat' dir='ltr'>os</span> <span class='ocrx_word' id='word_1_126' title='bbox 531 804 650 852; x_wconf 82' lang='lat' dir='ltr'>capitis</span> <span class='ocrx_word' id='word_1_127' title='bbox 660 803 769 838; x_wconf 79' lang='lat' dir='ltr'>[olum</span> <span class='ocrx_word' id='word_1_128' title='bbox 778 800 938 839; x_wconf 81' lang='lat' dir='ltr'>ambussit</span> <span class='ocrx_word' id='word_1_129' title='bbox 951 826 961 843; x_wconf 95' lang='lat'>,</span> <span class='ocrx_word' id='word_1_130' title='bbox 987 804 1070 839; x_wconf 90' lang='lat' dir='ltr'>inde</span> <span class='ocrx_word' id='word_1_131' title='bbox 1080 805 1281 852; x_wconf 84' lang='lat' dir='ltr'>pavimento</span> <span class='ocrx_word' id='word_1_132' title='bbox 1304 807 1539 854; x_wconf 90' lang='lat' dir='ltr'>perterebrato</span> <span class='ocrx_word' id='word_1_133' title='bbox 1547 830 1559 847; x_wconf 89' lang='lat'>,</span> <span class='ocrx_word' id='word_1_134' title='bbox 1581 807 1689 857; x_wconf 84' lang='lat' dir='ltr'>longo</span> <span class='ocrx_word' id='word_1_135' title='bbox 1700 810 1758 844; x_wconf 89' lang='lat' dir='ltr'>de-</span> 
     </span>
     <span class='ocr_line' id='line_1_13' title="bbox 35 849 1757 904; baseline 0.001 -14"><span class='ocrx_word' id='word_1_136' title='bbox 35 853 245 904; x_wconf 67' lang='lat' dir='ltr'>fiipertrastu</span> <span class='ocrx_word' id='word_1_137' title='bbox 253 854 364 888; x_wconf 89' lang='lat' dir='ltr'>trabes</span> <span class='ocrx_word' id='word_1_138' title='bbox 381 849 541 887; x_wconf 75' lang='lat' dir='ltr'>excuss&#39;it:</span> <span class='ocrx_word' id='word_1_139' title='bbox 564 852 650 887; x_wconf 92' lang='lat' dir='ltr'>Tres</span> <span class='ocrx_word' id='word_1_140' title='bbox 660 854 742 888; x_wconf 80' lang='lat' dir='ltr'>vero</span> <span class='ocrx_word' id='word_1_141' title='bbox 755 850 890 887; x_wconf 83' lang='lat' dir='ltr'>filiosin</span> <span class='ocrx_word' id='word_1_142' title='bbox 905 851 1032 888; x_wconf 86' lang='lat' dir='ltr'>laterali</span> <span class='ocrx_word' id='word_1_143' title='bbox 1053 853 1212 888; x_wconf 88' lang='lat' dir='ltr'>conclavi</span> <span class='ocrx_word' id='word_1_144' title='bbox 1223 853 1387 889; x_wconf 72' lang='lat' dir='ltr'>curiosius</span> <span class='ocrx_word' id='word_1_145' title='bbox 1402 867 1464 903; x_wconf 90' lang='lat' dir='ltr'>per</span> <span class='ocrx_word' id='word_1_146' title='bbox 1472 865 1650 903; x_wconf 82' lang='lat' dir='ltr'>patentem</span> <span class='ocrx_word' id='word_1_147' title='bbox 1660 857 1757 892; x_wconf 86' lang='lat' dir='ltr'>fene-</span> 
     </span>
     <span class='ocr_line' id='line_1_14' title="bbox 34 899 1756 950; baseline 0.002 -13"><span class='ocrx_word' id='word_1_148' title='bbox 34 903 134 940; x_wconf 82' lang='lat' dir='ltr'>stram</span> <span class='ocrx_word' id='word_1_149' title='bbox 142 901 285 938; x_wconf 83' lang='lat' dir='ltr'>nubium</span> <span class='ocrx_word' id='word_1_150' title='bbox 293 899 600 948; x_wconf 86' lang='lat' dir='ltr'>tempestiferarum</span> <span class='ocrx_word' id='word_1_151' title='bbox 611 899 748 936; x_wconf 85' lang='lat' dir='ltr'>cursum</span> <span class='ocrx_word' id='word_1_152' title='bbox 755 900 1024 940; x_wconf 86' lang='lat' dir='ltr'>observantes,in</span> <span class='ocrx_word' id='word_1_153' title='bbox 1033 910 1158 936; x_wconf 88' lang='lat' dir='ltr'>terram</span> <span class='ocrx_word' id='word_1_154' title='bbox 1171 902 1389 949; x_wconf 86' lang='lat' dir='ltr'>postravit,ex</span> <span class='ocrx_word' id='word_1_155' title='bbox 1398 904 1521 950; x_wconf 86' lang='lat' dir='ltr'>quibus</span> <span class='ocrx_word' id='word_1_156' title='bbox 1531 905 1602 939; x_wconf 89' lang='lat' dir='ltr'>duo</span> <span class='ocrx_word' id='word_1_157' title='bbox 1611 907 1756 941; x_wconf 87' lang='lat' dir='ltr'>tandem</span> 
     </span>
     <span class='ocr_line' id='line_1_15' title="bbox 34 948 1756 998; baseline 0.001 -10"><span class='ocrx_word' id='word_1_158' title='bbox 34 949 195 988; x_wconf 83' lang='lat' dir='ltr'>resolutas</span> <span class='ocrx_word' id='word_1_159' title='bbox 201 949 290 986; x_wconf 84' lang='lat' dir='ltr'>vires</span> <span class='ocrx_word' id='word_1_160' title='bbox 297 949 636 996; x_wconf 85' lang='lat' dir='ltr'>receperunt,tertius</span> <span class='ocrx_word' id='word_1_161' title='bbox 646 948 730 984; x_wconf 83' lang='lat' dir='ltr'>vero</span> <span class='ocrx_word' id='word_1_162' title='bbox 739 949 905 984; x_wconf 88' lang='lat' dir='ltr'>exanimis</span> <span class='ocrx_word' id='word_1_163' title='bbox 922 949 1116 996; x_wconf 80' lang='lat' dir='ltr'>permansit,</span> <span class='ocrx_word' id='word_1_164' title='bbox 1124 960 1163 985; x_wconf 93' lang='lat' dir='ltr'>ut</span> <span class='ocrx_word' id='word_1_165' title='bbox 1171 951 1274 985; x_wconf 81' lang='lat' dir='ltr'>etiam</span> <span class='ocrx_word' id='word_1_166' title='bbox 1283 962 1347 998; x_wconf 89' lang='lat' dir='ltr'>pro</span> <span class='ocrx_word' id='word_1_167' title='bbox 1358 951 1526 987; x_wconf 71' lang='lat' dir='ltr'>detunEto</span> <span class='ocrx_word' id='word_1_168' title='bbox 1536 953 1672 988; x_wconf 91' lang='lat' dir='ltr'>habitus</span> <span class='ocrx_word' id='word_1_169' title='bbox 1681 954 1716 989; x_wconf 80' lang='lat' dir='ltr'>fu</span> <span class='ocrx_word' id='word_1_170' title='bbox 1722 965 1756 989; x_wconf 92' lang='lat' dir='ltr'>e-</span> 
     </span>
     <span class='ocr_line' id='line_1_16' title="bbox 34 996 1757 1050; baseline 0.002 -16"><span class='ocrx_word' id='word_1_171' title='bbox 34 999 88 1036; x_wconf 83' lang='lat' dir='ltr'>rit.</span> <span class='ocrx_word' id='word_1_172' title='bbox 135 997 306 1035; x_wconf 82' lang='lat' dir='ltr'>Advocati</span> <span class='ocrx_word' id='word_1_173' title='bbox 317 997 496 1046; x_wconf 86' lang='lat' dir='ltr'>Herbipoli</span> <span class='ocrx_word' id='word_1_174' title='bbox 506 997 702 1045; x_wconf 78' lang='lat' dir='ltr'>chirurgi&amp;</span> <span class='ocrx_word' id='word_1_175' title='bbox 711 996 855 1036; x_wconf 89' lang='lat' dir='ltr'>Medici,</span> <span class='ocrx_word' id='word_1_176' title='bbox 865 998 949 1032; x_wconf 90' lang='lat' dir='ltr'>dum</span> <span class='ocrx_word' id='word_1_177' title='bbox 959 997 1171 1047; x_wconf 85' lang='lat' dir='ltr'>Sanguinem</span> <span class='ocrx_word' id='word_1_178' title='bbox 1181 999 1298 1034; x_wconf 85' lang='lat' dir='ltr'>adhuc</span> <span class='ocrx_word' id='word_1_179' title='bbox 1308 999 1481 1035; x_wconf 90' lang='lat' dir='ltr'>calentem</span> <span class='ocrx_word' id='word_1_180' title='bbox 1499 1001 1534 1035; x_wconf 91' lang='lat' dir='ltr'>in</span> <span class='ocrx_word' id='word_1_181' title='bbox 1550 1012 1594 1037; x_wconf 91' lang='lat' dir='ltr'>eo</span> <span class='ocrx_word' id='word_1_182' title='bbox 1613 1013 1757 1050; x_wconf 88' lang='lat' dir='ltr'>compe-</span> 
     </span>
     <span class='ocr_line' id='line_1_17' title="bbox 34 1045 1759 1099; baseline 0.002 -16"><span class='ocrx_word' id='word_1_183' title='bbox 34 1045 166 1088; x_wconf 82' lang='lat' dir='ltr'>rissent,</span> <span class='ocrx_word' id='word_1_184' title='bbox 181 1045 448 1082; x_wconf 87' lang='lat' dir='ltr'>custodiendum</span> <span class='ocrx_word' id='word_1_185' title='bbox 459 1046 669 1081; x_wconf 62' lang='lat' dir='ltr'>mandarunt</span> <span class='ocrx_word' id='word_1_186' title='bbox 684 1068 694 1085; x_wconf 94' lang='lat'>,</span> <span class='ocrx_word' id='word_1_187' title='bbox 718 1045 822 1081; x_wconf 90' lang='lat' dir='ltr'>tertio</span> <span class='ocrx_word' id='word_1_188' title='bbox 834 1046 978 1080; x_wconf 80' lang='lat' dir='ltr'>demum</span> <span class='ocrx_word' id='word_1_189' title='bbox 989 1046 1045 1080; x_wconf 87' lang='lat' dir='ltr'>die</span> <span class='ocrx_word' id='word_1_190' title='bbox 1060 1068 1071 1086; x_wconf 84' lang='lat'>,</span> <span class='ocrx_word' id='word_1_191' title='bbox 1105 1048 1187 1082; x_wconf 81' lang='lat' dir='ltr'>curn</span> <span class='ocrx_word' id='word_1_192' title='bbox 1199 1047 1371 1083; x_wconf 88' lang='lat' dir='ltr'>horribilis</span> <span class='ocrx_word' id='word_1_193' title='bbox 1379 1049 1498 1084; x_wconf 79' lang='lat' dir='ltr'>denuo</span> <span class='ocrx_word' id='word_1_194' title='bbox 1516 1049 1759 1099; x_wconf 88' lang='lat' dir='ltr'>tempestasin-</span> 
     </span>
     <span class='ocr_line' id='line_1_18' title="bbox 34 1090 1758 1148; baseline 0.001 -16"><span class='ocrx_word' id='word_1_195' title='bbox 34 1095 130 1148; x_wconf 79' lang='lat' dir='ltr'>genti</span> <span class='ocrx_word' id='word_1_196' title='bbox 137 1094 272 1144; x_wconf 73' lang='lat' dir='ltr'>fragore</span> <span class='ocrx_word' id='word_1_197' title='bbox 279 1094 400 1130; x_wconf 90' lang='lat' dir='ltr'>turrim</span> <span class='ocrx_word' id='word_1_198' title='bbox 409 1090 638 1132; x_wconf 74' lang='lat' dir='ltr'>concuffisset,</span> <span class='ocrx_word' id='word_1_199' title='bbox 654 1091 782 1128; x_wconf 81' lang='lat' dir='ltr'>mox&amp;</span> <span class='ocrx_word' id='word_1_200' title='bbox 791 1092 848 1128; x_wconf 90' lang='lat' dir='ltr'>hic</span> <span class='ocrx_word' id='word_1_201' title='bbox 863 1092 960 1128; x_wconf 89' lang='lat' dir='ltr'>velut</span> <span class='ocrx_word' id='word_1_202' title='bbox 973 1095 993 1128; x_wconf 81' lang='lat' dir='ltr'>e</span> <span class='ocrx_word' id='word_1_203' title='bbox 1009 1094 1133 1130; x_wconf 88' lang='lat' dir='ltr'>somno</span> <span class='ocrx_word' id='word_1_204' title='bbox 1144 1095 1308 1143; x_wconf 81' lang='lat' dir='ltr'>evigilans</span> <span class='ocrx_word' id='word_1_205' title='bbox 1324 1096 1446 1144; x_wconf 84' lang='lat' dir='ltr'>sopitas</span> <span class='ocrx_word' id='word_1_206' title='bbox 1457 1096 1625 1133; x_wconf 51' lang='lat' dir='ltr'>haetenus</span> <span class='ocrx_word' id='word_1_207' title='bbox 1649 1099 1758 1140; x_wconf 83' lang='lat' dir='ltr'>vires,</span> 
     </span>
     <span class='ocr_line' id='line_1_19' title="bbox 33 1140 1763 1191; baseline 0.003 -13"><span class='ocrx_word' id='word_1_208' title='bbox 33 1143 257 1191; x_wconf 85' lang='lat' dir='ltr'>recuperavit,</span> <span class='ocrx_word' id='word_1_209' title='bbox 266 1140 713 1191; x_wconf 64' lang='lat' dir='ltr'>diuqueposteitincolumis</span> <span class='ocrx_word' id='word_1_210' title='bbox 723 1140 916 1188; x_wconf 82' lang='lat' dir='ltr'>supervixit.</span> <span class='ocrx_word' id='word_1_211' title='bbox 970 1142 1020 1178; x_wconf 84' lang='lat' dir='ltr'>lta</span> <span class='ocrx_word' id='word_1_212' title='bbox 1033 1153 1147 1178; x_wconf 78' lang='lat' dir='ltr'>narrat</span> <span class='ocrx_word' id='word_1_213' title='bbox 1161 1144 1265 1191; x_wconf 75' lang='lat' dir='ltr'>Joan,</span> <span class='ocrx_word' id='word_1_214' title='bbox 1284 1144 1400 1184; x_wconf 56' lang='lat' dir='ltr'>Zahn⁴</span> <span class='ocrx_word' id='word_1_215' title='bbox 1418 1146 1453 1181; x_wconf 90' lang='lat' dir='ltr'>in</span> <span class='ocrx_word' id='word_1_216' title='bbox 1464 1146 1519 1181; x_wconf 88' lang='lat' dir='ltr'>sua</span> <span class='ocrx_word' id='word_1_217' title='bbox 1527 1147 1763 1183; x_wconf 83' lang='lat' dir='ltr'>mundimira-</span> 
     </span>
     <span class='ocr_line' id='line_1_20' title="bbox 33 1189 732 1236; baseline -0.01 -7"><span class='ocrx_word' id='word_1_218' title='bbox 33 1191 107 1230; x_wconf 79' lang='lat' dir='ltr'>bilis</span> <span class='ocrx_word' id='word_1_219' title='bbox 116 1191 350 1228; x_wconf 87' lang='lat' dir='ltr'>Oeconomia.</span> <span class='ocrx_word' id='word_1_220' title='bbox 364 1189 476 1226; x_wconf 87' lang='lat' dir='ltr'>Scrut.</span> <span class='ocrx_word' id='word_1_221' title='bbox 487 1189 579 1236; x_wconf 83' lang='lat' dir='ltr'>3.dis</span> <span class='ocrx_word' id='word_1_222' title='bbox 596 1215 604 1223; x_wconf 95' lang='lat'>.</span> <span class='ocrx_word' id='word_1_223' title='bbox 618 1200 641 1227; x_wconf 64' lang='grc' dir='ltr'>κ.</span> <span class='ocrx_word' id='word_1_224' title='bbox 652 1199 683 1223; x_wconf 87' lang='lat' dir='ltr'>c.</span> <span class='ocrx_word' id='word_1_225' title='bbox 692 1199 732 1232; x_wconf 90' lang='lat'>15.</span> 
     </span>
     <span class='ocr_line' id='line_1_21' title="bbox 39 1237 1761 1287; baseline 0.002 -11"><span class='ocrx_word' id='word_1_226' title='bbox 39 1246 42 1249; x_wconf 86' lang='lat'>&#39;</span> <span class='ocrx_word' id='word_1_227' title='bbox 125 1237 330 1276; x_wconf 86' lang='lat' dir='ltr'>Plutarchus</span> <span class='ocrx_word' id='word_1_228' title='bbox 338 1237 357 1272; x_wconf 87' lang='lat'>1.</span> <span class='ocrx_word' id='word_1_229' title='bbox 368 1250 403 1284; x_wconf 79' lang='lat'>4.</span> <span class='ocrx_word' id='word_1_230' title='bbox 411 1237 565 1285; x_wconf 85' lang='lat' dir='ltr'>Sympos.</span> <span class='ocrx_word' id='word_1_231' title='bbox 587 1248 631 1272; x_wconf 89' lang='lat' dir='ltr'>eu</span> <span class='ocrx_word' id='word_1_232' title='bbox 641 1237 810 1275; x_wconf 75' lang='lat' dir='ltr'>convival,</span> <span class='ocrx_word' id='word_1_233' title='bbox 821 1237 948 1286; x_wconf 82' lang='lat' dir='ltr'>Quaest.</span> <span class='ocrx_word' id='word_1_234' title='bbox 961 1250 1028 1286; x_wconf 71' lang='grc' dir='ltr'>(μ.</span> <span class='ocrx_word' id='word_1_235' title='bbox 1039 1250 1082 1274; x_wconf 81' lang='lat' dir='ltr'>ex</span> <span class='ocrx_word' id='word_1_236' title='bbox 1094 1239 1292 1276; x_wconf 89' lang='lat' dir='ltr'>Hermanni</span> <span class='ocrx_word' id='word_1_237' title='bbox 1301 1238 1451 1277; x_wconf 85' lang='lat' dir='ltr'>Cruferii</span> <span class='ocrx_word' id='word_1_238' title='bbox 1463 1240 1761 1287; x_wconf 83' lang='lat' dir='ltr'>interpretatione,</span> 
     </span>
     <span class='ocr_line' id='line_1_22' title="bbox 32 1284 1760 1335; baseline 0.001 -13"><span class='ocrx_word' id='word_1_239' title='bbox 32 1284 76 1323; x_wconf 82' lang='lat' dir='ltr'>fic</span> <span class='ocrx_word' id='word_1_240' title='bbox 82 1285 289 1334; x_wconf 87' lang='lat' dir='ltr'>loquentem</span> <span class='ocrx_word' id='word_1_241' title='bbox 297 1286 487 1322; x_wconf 86' lang='lat' dir='ltr'>introducit</span> <span class='ocrx_word' id='word_1_242' title='bbox 505 1286 730 1321; x_wconf 82' lang='lat' dir='ltr'>Dorotheum</span> <span class='ocrx_word' id='word_1_243' title='bbox 741 1285 929 1321; x_wconf 84' lang='lat' dir='ltr'>Oratorem</span> <span class='ocrx_word' id='word_1_244' title='bbox 943 1300 950 1320; x_wconf 76' lang='grc' dir='ltr'><strong><em>τ</em></strong></span> <span class='ocrx_word' id='word_1_245' title='bbox 978 1288 1063 1322; x_wconf 86' lang='lat' dir='ltr'>mihi</span> <span class='ocrx_word' id='word_1_246' title='bbox 1072 1289 1167 1324; x_wconf 73' lang='lat' dir='ltr'>certe</span> <span class='ocrx_word' id='word_1_247' title='bbox 1176 1288 1311 1324; x_wconf 82' lang='lat' dir='ltr'>constat</span> <span class='ocrx_word' id='word_1_248' title='bbox 1319 1288 1453 1324; x_wconf 81' lang='lat' dir='ltr'>fulmen</span> <span class='ocrx_word' id='word_1_249' title='bbox 1464 1289 1499 1323; x_wconf 88' lang='lat' dir='ltr'>in</span> <span class='ocrx_word' id='word_1_250' title='bbox 1509 1290 1593 1323; x_wconf 89' lang='lat' dir='ltr'>dom</span> <span class='ocrx_word' id='word_1_251' title='bbox 1599 1300 1657 1323; x_wconf 89' lang='lat' dir='ltr'>um</span> <span class='ocrx_word' id='word_1_252' title='bbox 1666 1293 1760 1335; x_wconf 87' lang='lat' dir='ltr'>apud</span> 
     </span>
     <span class='ocr_line' id='line_1_23' title="bbox 32 1332 1758 1384; baseline 0.001 -14"><span class='ocrx_word' id='word_1_253' title='bbox 32 1334 99 1370; x_wconf 81' lang='lat' dir='ltr'>nos</span> <span class='ocrx_word' id='word_1_254' title='bbox 115 1334 291 1383; x_wconf 73' lang='lat' dir='ltr'>delapsum</span> <span class='ocrx_word' id='word_1_255' title='bbox 302 1334 581 1370; x_wconf 83' lang='lat' dir='ltr'>multamiracula</span> <span class='ocrx_word' id='word_1_256' title='bbox 590 1332 749 1368; x_wconf 76' lang='lat' dir='ltr'>edidisse:</span> <span class='ocrx_word' id='word_1_257' title='bbox 773 1334 955 1369; x_wconf 90' lang='lat' dir='ltr'>hominem</span> <span class='ocrx_word' id='word_1_258' title='bbox 966 1334 1088 1371; x_wconf 74' lang='lat' dir='ltr'>(omno</span> <span class='ocrx_word' id='word_1_259' title='bbox 1097 1336 1236 1372; x_wconf 87' lang='lat' dir='ltr'>stratum</span> <span class='ocrx_word' id='word_1_260' title='bbox 1250 1335 1466 1372; x_wconf 80' lang='lat' dir='ltr'>transvolans</span> <span class='ocrx_word' id='word_1_261' title='bbox 1478 1359 1489 1376; x_wconf 98' lang='lat'>,</span> <span class='ocrx_word' id='word_1_262' title='bbox 1521 1348 1639 1384; x_wconf 87' lang='lat' dir='ltr'>neque</span> <span class='ocrx_word' id='word_1_263' title='bbox 1660 1337 1758 1372; x_wconf 88' lang='lat' dir='ltr'>illurn</span> 
     </span>
     <span class='ocr_line' id='line_1_24' title="bbox 33 1379 1759 1433; baseline 0.002 -15"><span class='ocrx_word' id='word_1_264' title='bbox 33 1382 193 1422; x_wconf 85' lang='lat' dir='ltr'>offendit,</span> <span class='ocrx_word' id='word_1_265' title='bbox 202 1393 318 1430; x_wconf 90' lang='lat' dir='ltr'>neque</span> <span class='ocrx_word' id='word_1_266' title='bbox 326 1382 452 1418; x_wconf 88' lang='lat' dir='ltr'>vestem</span> <span class='ocrx_word' id='word_1_267' title='bbox 462 1383 593 1429; x_wconf 78' lang='lat' dir='ltr'>attigit3</span> <span class='ocrx_word' id='word_1_268' title='bbox 619 1381 674 1416; x_wconf 77' lang='lat' dir='ltr'>secl</span> <span class='ocrx_word' id='word_1_269' title='bbox 684 1379 756 1427; x_wconf 88' lang='lat' dir='ltr'>ejus</span> <span class='ocrx_word' id='word_1_270' title='bbox 765 1381 943 1429; x_wconf 82' lang='lat' dir='ltr'>cingulum</span> <span class='ocrx_word' id='word_1_271' title='bbox 954 1402 962 1417; x_wconf 60' lang='lat'>³</span> <span class='ocrx_word' id='word_1_272' title='bbox 977 1384 1010 1418; x_wconf 90' lang='lat' dir='ltr'>in</span> <span class='ocrx_word' id='word_1_273' title='bbox 1026 1396 1098 1432; x_wconf 87' lang='lat' dir='ltr'>quo</span> <span class='ocrx_word' id='word_1_274' title='bbox 1108 1384 1321 1420; x_wconf 71' lang='lat' dir='ltr'>succinxerat</span> <span class='ocrx_word' id='word_1_275' title='bbox 1329 1395 1495 1419; x_wconf 89' lang='lat' dir='ltr'>nummos</span> <span class='ocrx_word' id='word_1_276' title='bbox 1505 1395 1613 1420; x_wconf 85' lang='lat' dir='ltr'>aereos</span> <span class='ocrx_word' id='word_1_277' title='bbox 1623 1408 1633 1425; x_wconf 92' lang='lat'>,</span> <span class='ocrx_word' id='word_1_278' title='bbox 1649 1384 1759 1433; x_wconf 91' lang='lat' dir='ltr'>lique·</span> 
     </span>
     <span class='ocr_line' id='line_1_25' title="bbox 33 1428 1755 1478; baseline 0.001 -11"><span class='ocrx_word' id='word_1_279' title='bbox 33 1431 117 1467; x_wconf 86' lang='lat' dir='ltr'>fecit</span> <span class='ocrx_word' id='word_1_280' title='bbox 126 1431 161 1466; x_wconf 70' lang='grc' dir='ltr'>ὅ(</span> <span class='ocrx_word' id='word_1_281' title='bbox 170 1431 259 1466; x_wconf 88' lang='lat' dir='ltr'>fudit</span> <span class='ocrx_word' id='word_1_282' title='bbox 269 1440 396 1465; x_wconf 88' lang='lat' dir='ltr'>totum.</span> <span class='ocrx_word' id='word_1_283' title='bbox 448 1430 489 1465; x_wconf 79' lang='lat' dir='ltr'>Et</span> <span class='ocrx_word' id='word_1_284' title='bbox 498 1429 600 1476; x_wconf 85' lang='lat' dir='ltr'>paulo</span> <span class='ocrx_word' id='word_1_285' title='bbox 616 1428 709 1476; x_wconf 85' lang='lat' dir='ltr'>post:</span> <span class='ocrx_word' id='word_1_286' title='bbox 732 1431 849 1477; x_wconf 86' lang='lat' dir='ltr'>accepi</span> <span class='ocrx_word' id='word_1_287' title='bbox 872 1430 975 1463; x_wconf 71' lang='lat' dir='ltr'>etiam</span> <span class='ocrx_word' id='word_1_288' title='bbox 1000 1432 1133 1470; x_wconf 82' lang='lat' dir='ltr'>militis,</span> <span class='ocrx_word' id='word_1_289' title='bbox 1151 1431 1210 1478; x_wconf 87' lang='lat' dir='ltr'>qui</span> <span class='ocrx_word' id='word_1_290' title='bbox 1227 1432 1349 1466; x_wconf 81' lang='lat' dir='ltr'>Romae</span> <span class='ocrx_word' id='word_1_291' title='bbox 1372 1433 1484 1468; x_wconf 68' lang='lat' dir='ltr'>cedem</span> <span class='ocrx_word' id='word_1_292' title='bbox 1500 1433 1625 1468; x_wconf 75' lang='lat' dir='ltr'>{acram</span> <span class='ocrx_word' id='word_1_293' title='bbox 1641 1434 1755 1469; x_wconf 87' lang='lat' dir='ltr'>custo-</span> 
     </span>
     <span class='ocr_line' id='line_1_26' title="bbox 34 1476 1755 1528; baseline 0.001 -13"><span class='ocrx_word' id='word_1_294' title='bbox 34 1480 167 1519; x_wconf 81' lang='lat' dir='ltr'>diebat,</span> <span class='ocrx_word' id='word_1_295' title='bbox 182 1478 314 1514; x_wconf 84' lang='lat' dir='ltr'>fulmen</span> <span class='ocrx_word' id='word_1_296' title='bbox 323 1500 333 1517; x_wconf 86' lang='lat'>,</span> <span class='ocrx_word' id='word_1_297' title='bbox 351 1478 447 1525; x_wconf 86' lang='lat' dir='ltr'>quod</span> <span class='ocrx_word' id='word_1_298' title='bbox 465 1489 528 1525; x_wconf 87' lang='lat' dir='ltr'>pro</span> <span class='ocrx_word' id='word_1_299' title='bbox 555 1479 575 1512; x_wconf 82' lang='lat' dir='ltr'>e</span> <span class='ocrx_word' id='word_1_300' title='bbox 594 1477 767 1524; x_wconf 86' lang='lat' dir='ltr'>delapsum</span> <span class='ocrx_word' id='word_1_301' title='bbox 782 1476 958 1512; x_wconf 77' lang='lat' dir='ltr'>ambuliffe</span> <span class='ocrx_word' id='word_1_302' title='bbox 971 1477 1289 1514; x_wconf 79' lang='lat' dir='ltr'>calceamentorum</span> <span class='ocrx_word' id='word_1_303' title='bbox 1305 1481 1470 1527; x_wconf 84' lang='lat' dir='ltr'>corrigias</span> <span class='ocrx_word' id='word_1_304' title='bbox 1485 1503 1496 1518; x_wconf 92' lang='lat'>,</span> <span class='ocrx_word' id='word_1_305' title='bbox 1529 1491 1645 1528; x_wconf 85' lang='lat' dir='ltr'>neque</span> <span class='ocrx_word' id='word_1_306' title='bbox 1661 1482 1755 1517; x_wconf 86' lang='lat' dir='ltr'>aliud</span> 
     </span>
     <span class='ocr_line' id='line_1_27' title="bbox 34 1523 1755 1577; baseline 0.002 -15"><span class='ocrx_word' id='word_1_307' title='bbox 34 1528 226 1576; x_wconf 85' lang='lat' dir='ltr'>quidquam</span> <span class='ocrx_word' id='word_1_308' title='bbox 234 1526 454 1562; x_wconf 90' lang='lat' dir='ltr'>incommodi</span> <span class='ocrx_word' id='word_1_309' title='bbox 463 1535 536 1560; x_wconf 84' lang='lat' dir='ltr'>attu</span> <span class='ocrx_word' id='word_1_310' title='bbox 551 1523 619 1563; x_wconf 79' lang='lat' dir='ltr'>isse.</span> <span class='ocrx_word' id='word_1_311' title='bbox 670 1527 718 1560; x_wconf 89' lang='lat' dir='ltr'>At</span> <span class='ocrx_word' id='word_1_312' title='bbox 725 1524 956 1572; x_wconf 81' lang='lat' dir='ltr'>pixidularum</span> <span class='ocrx_word' id='word_1_313' title='bbox 967 1536 1208 1573; x_wconf 74' lang='lat' dir='ltr'>argenteal-um</span> <span class='ocrx_word' id='word_1_314' title='bbox 1218 1550 1228 1566; x_wconf 91' lang='lat'>,</span> <span class='ocrx_word' id='word_1_315' title='bbox 1245 1539 1320 1574; x_wconf 79' lang='lat' dir='ltr'>quae</span> <span class='ocrx_word' id='word_1_316' title='bbox 1336 1527 1458 1575; x_wconf 82' lang='lat' dir='ltr'>ligneis</span> <span class='ocrx_word' id='word_1_317' title='bbox 1469 1527 1604 1563; x_wconf 69' lang='lat' dir='ltr'>inclusit</span> <span class='ocrx_word' id='word_1_318' title='bbox 1614 1530 1755 1577; x_wconf 76' lang='lat' dir='ltr'>capsulis</span> 
     </span>
     <span class='ocr_line' id='line_1_28' title="bbox 37 1570 1756 1627; baseline 0.002 -16"><span class='ocrx_word' id='word_1_319' title='bbox 37 1585 153 1614; x_wconf 73' lang='lat' dir='ltr'>erant,</span> <span class='ocrx_word' id='word_1_320' title='bbox 162 1585 346 1624; x_wconf 87' lang='lat' dir='ltr'>argentum</span> <span class='ocrx_word' id='word_1_321' title='bbox 356 1573 500 1622; x_wconf 88' lang='lat' dir='ltr'>quidem</span> <span class='ocrx_word' id='word_1_322' title='bbox 511 1572 661 1622; x_wconf 89' lang='lat' dir='ltr'>colliqua</span> <span class='ocrx_word' id='word_1_323' title='bbox 667 1582 742 1608; x_wconf 89' lang='lat' dir='ltr'>turn</span> <span class='ocrx_word' id='word_1_324' title='bbox 752 1572 788 1609; x_wconf 78' lang='lat' dir='ltr'>&lt;Sc</span> <span class='ocrx_word' id='word_1_325' title='bbox 796 1570 989 1608; x_wconf 80' lang='lat' dir='ltr'>conflatum</span> <span class='ocrx_word' id='word_1_326' title='bbox 999 1573 1095 1610; x_wconf 75' lang='lat' dir='ltr'>suiffe</span> <span class='ocrx_word' id='word_1_327' title='bbox 1111 1597 1120 1614; x_wconf 89' lang='lat'><em>‚</em></span> <span class='ocrx_word' id='word_1_328' title='bbox 1144 1575 1278 1624; x_wconf 80' lang='lat' dir='ltr'>lignum</span> <span class='ocrx_word' id='word_1_329' title='bbox 1293 1573 1462 1610; x_wconf 67' lang='lat' dir='ltr'>intactum</span> <span class='ocrx_word' id='word_1_330' title='bbox 1473 1575 1691 1627; x_wconf 83' lang='lat' dir='ltr'>&amp;integrum</span> <span class='ocrx_word' id='word_1_331' title='bbox 1702 1579 1756 1615; x_wconf 79' lang='lat' dir='ltr'>in-</span> 
     </span>
     <span class='ocr_line' id='line_1_29' title="bbox 36 1634 194 1663; baseline 0.006 -3"><span class='ocrx_word' id='word_1_332' title='bbox 36 1634 194 1663; x_wconf 86' lang='lat' dir='ltr'>ventum.</span> 
     </span>
    </p>

    <p class='ocr_par' dir='ltr' id='par_1_6' title="bbox 37 1668 1753 1863">
     <span class='ocr_line' id='line_1_30' title="bbox 133 1668 1753 1718; baseline 0.001 -11"><span class='ocrx_word' id='word_1_333' title='bbox 133 1669 323 1707; x_wconf 79' lang='lat' dir='ltr'>Conclufio</span> <span class='ocrx_word' id='word_1_334' title='bbox 331 1669 502 1705; x_wconf 87' lang='lat' dir='ltr'>Secunda.</span> <span class='ocrx_word' id='word_1_335' title='bbox 552 1669 697 1704; x_wconf 86' lang='lat' dir='ltr'>Fulmen</span> <span class='ocrx_word' id='word_1_336' title='bbox 705 1668 889 1717; x_wconf 79' lang='lat' dir='ltr'>aliquando</span> <span class='ocrx_word' id='word_1_337' title='bbox 899 1680 972 1704; x_wconf 90' lang='lat' dir='ltr'>rem</span> <span class='ocrx_word' id='word_1_338' title='bbox 988 1668 1186 1706; x_wconf 85' lang='lat' dir='ltr'>molliorem</span> <span class='ocrx_word' id='word_1_339' title='bbox 1197 1671 1405 1718; x_wconf 73' lang='lat' dir='ltr'>corrumpit,</span> <span class='ocrx_word' id='word_1_340' title='bbox 1422 1671 1563 1707; x_wconf 89' lang='lat' dir='ltr'>duriore</span> <span class='ocrx_word' id='word_1_341' title='bbox 1577 1673 1673 1708; x_wconf 73' lang='lat' dir='ltr'>salva.</span> <span class='ocrx_word' id='word_1_342' title='bbox 1701 1674 1753 1709; x_wconf 79' lang='lat' dir='ltr'>Ita</span> 
     </span>
     <span class='ocr_line' id='line_1_31' title="bbox 37 1716 1752 1766; baseline 0.001 -11"><span class='ocrx_word' id='word_1_343' title='bbox 37 1723 167 1755; x_wconf 75' lang='lat' dir='ltr'>Marcia</span> <span class='ocrx_word' id='word_1_344' title='bbox 175 1720 415 1755; x_wconf 83' lang='lat' dir='ltr'>Romanorum</span> <span class='ocrx_word' id='word_1_345' title='bbox 426 1717 590 1765; x_wconf 85' lang='lat' dir='ltr'>Princeps</span> <span class='ocrx_word' id='word_1_346' title='bbox 598 1740 608 1757; x_wconf 86' lang='lat'>,</span> <span class='ocrx_word' id='word_1_347' title='bbox 617 1717 702 1753; x_wconf 87' lang='lat' dir='ltr'>teste</span> <span class='ocrx_word' id='word_1_348' title='bbox 709 1716 820 1753; x_wconf 86' lang='lat' dir='ltr'>Plinio</span> <span class='ocrx_word' id='word_1_349' title='bbox 829 1740 840 1757; x_wconf 92' lang='lat'>,</span> <span class='ocrx_word' id='word_1_350' title='bbox 849 1719 930 1753; x_wconf 78' lang='lat' dir='ltr'>cum</span> <span class='ocrx_word' id='word_1_351' title='bbox 947 1719 1084 1766; x_wconf 75' lang='lat' dir='ltr'>gravius</span> <span class='ocrx_word' id='word_1_352' title='bbox 1093 1720 1111 1754; x_wconf 74' lang='lat' dir='ltr'>a</span> <span class='ocrx_word' id='word_1_353' title='bbox 1120 1718 1267 1754; x_wconf 66' lang='lat' dir='ltr'>fulmine</span> <span class='ocrx_word' id='word_1_354' title='bbox 1288 1719 1398 1754; x_wconf 65' lang='lat' dir='ltr'>fuisset</span> <span class='ocrx_word' id='word_1_355' title='bbox 1406 1719 1469 1755; x_wconf 60' lang='lat' dir='ltr'>ieta</span> <span class='ocrx_word' id='word_1_356' title='bbox 1477 1743 1488 1760; x_wconf 93' lang='lat'>,</span> <span class='ocrx_word' id='word_1_357' title='bbox 1503 1721 1700 1755; x_wconf 82' lang='lat' dir='ltr'>exanimato</span> <span class='ocrx_word' id='word_1_358' title='bbox 1717 1722 1752 1757; x_wconf 87' lang='lat' dir='ltr'>in</span> 
     </span>
     <span class='ocr_line' id='line_1_32' title="bbox 40 1765 1751 1815; baseline 0.001 -12"><span class='ocrx_word' id='word_1_359' title='bbox 40 1778 140 1804; x_wconf 89' lang='lat' dir='ltr'>utero</span> <span class='ocrx_word' id='word_1_360' title='bbox 148 1778 246 1815; x_wconf 86' lang='lat' dir='ltr'>partu</span> <span class='ocrx_word' id='word_1_361' title='bbox 261 1767 344 1802; x_wconf 89' lang='lat' dir='ltr'>citra</span> <span class='ocrx_word' id='word_1_362' title='bbox 353 1777 461 1801; x_wconf 88' lang='lat' dir='ltr'>omne</span> <span class='ocrx_word' id='word_1_363' title='bbox 475 1765 767 1814; x_wconf 80' lang='lat' dir='ltr'>aliudpeiiculum</span> <span class='ocrx_word' id='word_1_364' title='bbox 789 1765 902 1802; x_wconf 71' lang='lat' dir='ltr'>vixisse</span> <span class='ocrx_word' id='word_1_365' title='bbox 916 1767 1033 1804; x_wconf 81' lang='lat' dir='ltr'>fertur.</span> <span class='ocrx_word' id='word_1_366' title='bbox 1084 1767 1204 1802; x_wconf 79' lang='lat' dir='ltr'>Refert</span> <span class='ocrx_word' id='word_1_367' title='bbox 1222 1768 1325 1802; x_wconf 77' lang='lat' dir='ltr'>etiam</span> <span class='ocrx_word' id='word_1_368' title='bbox 1342 1767 1524 1803; x_wconf 81' lang='lat' dir='ltr'>Lucretius</span> <span class='ocrx_word' id='word_1_369' title='bbox 1539 1768 1638 1804; x_wconf 77' lang='lat' dir='ltr'>illael&#39;o</span> <span class='ocrx_word' id='word_1_370' title='bbox 1653 1769 1751 1804; x_wconf 88' lang='lat' dir='ltr'>dolio</span> 
     </span>
     <span class='ocr_line' id='line_1_33' title="bbox 38 1812 1748 1863; baseline 0 -11"><span class='ocrx_word' id='word_1_371' title='bbox 38 1817 159 1852; x_wconf 84' lang='lat' dir='ltr'>vinum</span> <span class='ocrx_word' id='word_1_372' title='bbox 169 1814 313 1851; x_wconf 72' lang='lat' dir='ltr'>fulmine</span> <span class='ocrx_word' id='word_1_373' title='bbox 321 1813 522 1849; x_wconf 79' lang='lat' dir='ltr'>exhaustum</span> <span class='ocrx_word' id='word_1_374' title='bbox 532 1812 637 1850; x_wconf 67' lang='lat' dir='ltr'>fuisse.</span> <span class='ocrx_word' id='word_1_375' title='bbox 686 1813 770 1849; x_wconf 89' lang='lat' dir='ltr'>Huc</span> <span class='ocrx_word' id='word_1_376' title='bbox 784 1825 926 1862; x_wconf 85' lang='lat' dir='ltr'>quoque</span> <span class='ocrx_word' id='word_1_377' title='bbox 933 1813 1049 1849; x_wconf 81' lang='lat' dir='ltr'>referri</span> <span class='ocrx_word' id='word_1_378' title='bbox 1058 1816 1186 1863; x_wconf 85' lang='lat' dir='ltr'>poterit</span> <span class='ocrx_word' id='word_1_379' title='bbox 1195 1815 1225 1850; x_wconf 88' lang='lat' dir='ltr'>ill</span> <span class='ocrx_word' id='word_1_380' title='bbox 1232 1817 1277 1850; x_wconf 79' lang='lat' dir='ltr'>ud</span> <span class='ocrx_word' id='word_1_381' title='bbox 1285 1839 1295 1856; x_wconf 90' lang='lat'>,</span> <span class='ocrx_word' id='word_1_382' title='bbox 1305 1814 1358 1862; x_wconf 86' lang='lat' dir='ltr'>cuj</span> <span class='ocrx_word' id='word_1_383' title='bbox 1364 1827 1402 1851; x_wconf 88' lang='lat' dir='ltr'>us</span> <span class='ocrx_word' id='word_1_384' title='bbox 1411 1817 1655 1853; x_wconf 76' lang='lat' dir='ltr'>Schottusl.11.</span> <span class='ocrx_word' id='word_1_385' title='bbox 1664 1829 1694 1852; x_wconf 91' lang='lat' dir='ltr'>c.</span> <span class='ocrx_word' id='word_1_386' title='bbox 1706 1825 1748 1857; x_wconf 60' lang='grc' dir='ltr'>ις,</span> 
     </span>
    </p>

    <p class='ocr_par' dir='ltr' id='par_1_7' title="bbox 41 1861 1765 3173">
     <span class='ocr_line' id='line_1_34' title="bbox 68 1861 1753 1912; baseline 0.001 -11"><span class='ocrx_word' id='word_1_387' title='bbox 68 1894 76 1902; x_wconf 95' lang='grc'><strong>.</strong></span> <span class='ocrx_word' id='word_1_388' title='bbox 85 1866 116 1900; x_wconf 87' lang='grc'>6.</span> <span class='ocrx_word' id='word_1_389' title='bbox 125 1863 286 1899; x_wconf 85' lang='lat' dir='ltr'>meminit</span> <span class='ocrx_word' id='word_1_390' title='bbox 301 1863 335 1897; x_wconf 92' lang='lat' dir='ltr'>in</span> <span class='ocrx_word' id='word_1_391' title='bbox 354 1863 428 1897; x_wconf 78' lang='lat' dir='ltr'>haec</span> <span class='ocrx_word' id='word_1_392' title='bbox 441 1863 555 1898; x_wconf 85' lang='lat' dir='ltr'>verba.</span> <span class='ocrx_word' id='word_1_393' title='bbox 605 1861 854 1897; x_wconf 63' lang='lat' dir='ltr'>(Eclebrabatur</span> <span class='ocrx_word' id='word_1_394' title='bbox 866 1865 974 1897; x_wconf 81' lang='lat' dir='ltr'>Anno</span> <span class='ocrx_word' id='word_1_395' title='bbox 993 1864 1075 1907; x_wconf 72' lang='lat'>1657.</span> <span class='ocrx_word' id='word_1_396' title='bbox 1087 1862 1250 1898; x_wconf 79' lang='lat' dir='ltr'>Panormi</span> <span class='ocrx_word' id='word_1_397' title='bbox 1270 1865 1305 1899; x_wconf 89' lang='lat' dir='ltr'>in</span> <span class='ocrx_word' id='word_1_398' title='bbox 1322 1864 1435 1900; x_wconf 83' lang='lat' dir='ltr'>Sicilia</span> <span class='ocrx_word' id='word_1_399' title='bbox 1445 1866 1553 1912; x_wconf 79' lang='lat' dir='ltr'>prima</span> <span class='ocrx_word' id='word_1_400' title='bbox 1564 1865 1753 1902; x_wconf 78' lang='lat' dir='ltr'>Dominica</span> 
     </span>
     <span class='ocr_line' id='line_1_35' title="bbox 78 1909 1756 1963; baseline 0.002 -16"><span class='ocrx_word' id='word_1_401' title='bbox 78 1912 244 1948; x_wconf 83' lang='lat' dir='ltr'>ccembris</span> <span class='ocrx_word' id='word_1_402' title='bbox 254 1911 288 1946; x_wconf 91' lang='lat' dir='ltr'>in</span> <span class='ocrx_word' id='word_1_403' title='bbox 297 1910 459 1959; x_wconf 85' lang='lat' dir='ltr'>Collegio</span> <span class='ocrx_word' id='word_1_404' title='bbox 471 1909 586 1945; x_wconf 87' lang='lat' dir='ltr'>nostro</span> <span class='ocrx_word' id='word_1_405' title='bbox 594 1910 628 1945; x_wconf 87' lang='lat' dir='ltr'>S.</span> <span class='ocrx_word' id='word_1_406' title='bbox 638 1909 662 1944; x_wconf 87' lang='lat' dir='ltr'>F</span> <span class='ocrx_word' id='word_1_407' title='bbox 664 1910 801 1946; x_wconf 82' lang='lat' dir='ltr'>rancifci</span> <span class='ocrx_word' id='word_1_408' title='bbox 810 1911 947 1945; x_wconf 83' lang='lat' dir='ltr'>Xaverii</span> <span class='ocrx_word' id='word_1_409' title='bbox 955 1933 965 1950; x_wconf 88' lang='lat'>,</span> <span class='ocrx_word' id='word_1_410' title='bbox 980 1912 1105 1959; x_wconf 59' lang='lat' dir='ltr'>magna</span> <span class='ocrx_word' id='word_1_411' title='bbox 1116 1910 1349 1952; x_wconf 77' lang='lat' dir='ltr'>solemnitate,</span> <span class='ocrx_word' id='word_1_412' title='bbox 1359 1913 1559 1963; x_wconf 73' lang='lat' dir='ltr'>magnoque</span> <span class='ocrx_word' id='word_1_413' title='bbox 1568 1915 1756 1950; x_wconf 86' lang='lat' dir='ltr'>hominum</span> 
     </span>
     <span class='ocr_line' id='line_1_36' title="bbox 41 1957 1756 2010; baseline 0.001 -14"><span class='ocrx_word' id='word_1_414' title='bbox 41 1960 210 1996; x_wconf 82' lang='lat' dir='ltr'>concursu</span> <span class='ocrx_word' id='word_1_415' title='bbox 225 1982 236 1999; x_wconf 90' lang='lat'>,</span> <span class='ocrx_word' id='word_1_416' title='bbox 262 1958 344 1994; x_wconf 71' lang='lat' dir='ltr'>dicti</span> <span class='ocrx_word' id='word_1_417' title='bbox 358 1957 472 1994; x_wconf 59' lang='lat' dir='ltr'>Sancti</span> <span class='ocrx_word' id='word_1_418' title='bbox 487 1958 609 1993; x_wconf 73' lang='lat' dir='ltr'>festum</span> <span class='ocrx_word' id='word_1_419' title='bbox 631 1968 712 1993; x_wconf 87' lang='lat' dir='ltr'>ante</span> <span class='ocrx_word' id='word_1_420' title='bbox 726 1960 968 2006; x_wconf 88' lang='lat' dir='ltr'>pomeridiano</span> <span class='ocrx_word' id='word_1_421' title='bbox 980 1968 1140 2007; x_wconf 90' lang='lat' dir='ltr'>tempore</span> <span class='ocrx_word' id='word_1_422' title='bbox 1155 1969 1163 2003; x_wconf 81' lang='lat'><em>3</em></span> <span class='ocrx_word' id='word_1_423' title='bbox 1195 1973 1266 2008; x_wconf 85' lang='lat' dir='ltr'>quo</span> <span class='ocrx_word' id='word_1_424' title='bbox 1276 1961 1450 2010; x_wconf 76' lang='lat' dir='ltr'>religiosus</span> <span class='ocrx_word' id='word_1_425' title='bbox 1459 1963 1601 2010; x_wconf 86' lang='lat' dir='ltr'>quidam</span> <span class='ocrx_word' id='word_1_426' title='bbox 1612 1963 1756 1999; x_wconf 88' lang='lat' dir='ltr'>natione</span> 
     </span>
     <span class='ocr_line' id='line_1_37' title="bbox 41 2006 1752 2054; baseline 0.002 -9"><span class='ocrx_word' id='word_1_427' title='bbox 41 2009 160 2045; x_wconf 86' lang='lat' dir='ltr'>Gallus</span> <span class='ocrx_word' id='word_1_428' title='bbox 170 2009 205 2043; x_wconf 90' lang='lat' dir='ltr'>in</span> <span class='ocrx_word' id='word_1_429' title='bbox 213 2006 340 2044; x_wconf 79' lang='lat' dir='ltr'>laterali</span> <span class='ocrx_word' id='word_1_430' title='bbox 357 2007 510 2054; x_wconf 86' lang='lat' dir='ltr'>quodam</span> <span class='ocrx_word' id='word_1_431' title='bbox 521 2006 640 2053; x_wconf 88' lang='lat' dir='ltr'>templi</span> <span class='ocrx_word' id='word_1_432' title='bbox 648 2006 782 2041; x_wconf 84' lang='lat' dir='ltr'>Sacello</span> <span class='ocrx_word' id='word_1_433' title='bbox 791 2007 880 2042; x_wconf 88' lang='lat' dir='ltr'>inter</span> <span class='ocrx_word' id='word_1_434' title='bbox 889 2008 1084 2042; x_wconf 87' lang='lat' dir='ltr'>confertam</span> <span class='ocrx_word' id='word_1_435' title='bbox 1091 2008 1278 2044; x_wconf 87' lang='lat' dir='ltr'>hominum</span> <span class='ocrx_word' id='word_1_436' title='bbox 1295 2013 1430 2045; x_wconf 87' lang='lat' dir='ltr'>turbam</span> <span class='ocrx_word' id='word_1_437' title='bbox 1439 2011 1590 2046; x_wconf 85' lang='lat' dir='ltr'>orationi</span> <span class='ocrx_word' id='word_1_438' title='bbox 1601 2013 1752 2050; x_wconf 85' lang='lat' dir='ltr'>vacabat.</span> 
     </span>
     <span class='ocr_line' id='line_1_38' title="bbox 42 2053 1754 2109; baseline 0.002 -16"><span class='ocrx_word' id='word_1_439' title='bbox 42 2056 319 2106; x_wconf 82' lang='lat' dir='ltr'>Ingruitinterim</span> <span class='ocrx_word' id='word_1_440' title='bbox 330 2054 411 2089; x_wconf 73' lang='lat' dir='ltr'>fitva</span> <span class='ocrx_word' id='word_1_441' title='bbox 418 2054 599 2101; x_wconf 86' lang='lat' dir='ltr'>tempestas</span> <span class='ocrx_word' id='word_1_442' title='bbox 608 2077 618 2092; x_wconf 93' lang='lat'>,</span> <span class='ocrx_word' id='word_1_443' title='bbox 626 2054 802 2090; x_wconf 73' lang='lat' dir='ltr'>&amp;tulmen</span> <span class='ocrx_word' id='word_1_444' title='bbox 813 2053 1039 2103; x_wconf 63' lang='lat' dir='ltr'>spectantibus</span> <span class='ocrx_word' id='word_1_445' title='bbox 1048 2056 1182 2092; x_wconf 65' lang='lat' dir='ltr'>cunetis</span> <span class='ocrx_word' id='word_1_446' title='bbox 1197 2058 1324 2092; x_wconf 85' lang='lat' dir='ltr'>cadens</span> <span class='ocrx_word' id='word_1_447' title='bbox 1339 2058 1374 2092; x_wconf 92' lang='lat' dir='ltr'>in</span> <span class='ocrx_word' id='word_1_448' title='bbox 1389 2058 1577 2106; x_wconf 88' lang='lat' dir='ltr'>templum,</span> <span class='ocrx_word' id='word_1_449' title='bbox 1586 2059 1684 2108; x_wconf 83' lang='lat' dir='ltr'>serpit</span> <span class='ocrx_word' id='word_1_450' title='bbox 1692 2072 1754 2109; x_wconf 88' lang='lat' dir='ltr'>per</span> 
     </span>
     <span class='ocr_line' id='line_1_39' title="bbox 41 2102 1754 2156; baseline 0.002 -17"><span class='ocrx_word' id='word_1_451' title='bbox 41 2105 230 2154; x_wconf 75' lang='lat' dir='ltr'>luperiores</span> <span class='ocrx_word' id='word_1_452' title='bbox 238 2103 395 2151; x_wconf 82' lang='lat' dir='ltr'>parietes,</span> <span class='ocrx_word' id='word_1_453' title='bbox 404 2103 550 2150; x_wconf 87' lang='lat' dir='ltr'>atquein</span> <span class='ocrx_word' id='word_1_454' title='bbox 561 2102 691 2138; x_wconf 38' lang='lat' dir='ltr'>dicium</span> <span class='ocrx_word' id='word_1_455' title='bbox 701 2102 859 2139; x_wconf 68' lang='lat' dir='ltr'>sacellum</span> <span class='ocrx_word' id='word_1_456' title='bbox 875 2105 1090 2146; x_wconf 73' lang='lat' dir='ltr'>descendens</span> <span class='ocrx_word' id='word_1_457' title='bbox 1099 2127 1109 2144; x_wconf 93' lang='lat'>,</span> <span class='ocrx_word' id='word_1_458' title='bbox 1130 2105 1275 2152; x_wconf 89' lang='lat' dir='ltr'>prostrat</span> <span class='ocrx_word' id='word_1_459' title='bbox 1291 2107 1325 2141; x_wconf 93' lang='lat' dir='ltr'>in</span> <span class='ocrx_word' id='word_1_460' title='bbox 1340 2116 1466 2142; x_wconf 85' lang='lat' dir='ltr'>terram</span> <span class='ocrx_word' id='word_1_461' title='bbox 1482 2117 1661 2156; x_wconf 87' lang='lat' dir='ltr'>quotquot</span> <span class='ocrx_word' id='word_1_462' title='bbox 1673 2110 1754 2143; x_wconf 84' lang='lat' dir='ltr'>ade-</span> 
     </span>
     <span class='ocr_line' id='line_1_40' title="bbox 41 2149 1753 2199; baseline -0.003 -9"><span class='ocrx_word' id='word_1_463' title='bbox 41 2152 193 2193; x_wconf 82' lang='lat' dir='ltr'>rant,sed</span> <span class='ocrx_word' id='word_1_464' title='bbox 202 2150 489 2189; x_wconf 79' lang='lat' dir='ltr'>neminemlaedit,</span> <span class='ocrx_word' id='word_1_465' title='bbox 500 2149 608 2185; x_wconf 86' lang='lat' dir='ltr'>solum</span> <span class='ocrx_word' id='word_1_466' title='bbox 618 2152 661 2184; x_wconf 87' lang='lat' dir='ltr'>de</span> <span class='ocrx_word' id='word_1_467' title='bbox 687 2151 849 2184; x_wconf 85' lang='lat' dir='ltr'>rehendit</span> <span class='ocrx_word' id='word_1_468' title='bbox 857 2152 974 2197; x_wconf 60' lang='lat' dir='ltr'>postest</span> <span class='ocrx_word' id='word_1_469' title='bbox 991 2151 1102 2187; x_wconf 58' lang='lat' dir='ltr'>dietus</span> <span class='ocrx_word' id='word_1_470' title='bbox 1120 2153 1327 2199; x_wconf 67' lang='lat' dir='ltr'>Religiosus,</span> <span class='ocrx_word' id='word_1_471' title='bbox 1337 2166 1463 2185; x_wconf 69' lang='lat' dir='ltr'>omnes</span> <span class='ocrx_word' id='word_1_472' title='bbox 1473 2156 1581 2189; x_wconf 53' lang='grc' dir='ltr'>νοτίης</span> <span class='ocrx_word' id='word_1_473' title='bbox 1595 2167 1657 2192; x_wconf 79' lang='lat' dir='ltr'>cor</span> <span class='ocrx_word' id='word_1_474' title='bbox 1684 2158 1753 2193; x_wconf 69' lang='lat'><em>01-15</em></span> 
     </span>
     <span class='ocr_line' id='line_1_41' title="bbox 43 2197 1754 2251; baseline -0.002 -14"><span class='ocrx_word' id='word_1_475' title='bbox 43 2200 296 2251; x_wconf 61' lang='lat' dir='ltr'>piloswestibus</span> <span class='ocrx_word' id='word_1_476' title='bbox 304 2197 426 2237; x_wconf 59' lang='lat' dir='ltr'>teetos,</span> <span class='ocrx_word' id='word_1_477' title='bbox 443 2197 648 2234; x_wconf 73' lang='lat' dir='ltr'>fuisseambu</span> <span class='ocrx_word' id='word_1_478' title='bbox 679 2208 718 2232; x_wconf 87' lang='lat' dir='ltr'>os</span> <span class='ocrx_word' id='word_1_479' title='bbox 727 2208 830 2245; x_wconf 89' lang='lat' dir='ltr'>atque</span> <span class='ocrx_word' id='word_1_480' title='bbox 837 2198 1062 2244; x_wconf 73' lang='lat' dir='ltr'>consumptos</span> <span class='ocrx_word' id='word_1_481' title='bbox 1070 2221 1080 2238; x_wconf 96' lang='lat'>,</span> <span class='ocrx_word' id='word_1_482' title='bbox 1088 2198 1226 2246; x_wconf 85' lang='lat' dir='ltr'>reliquis</span> <span class='ocrx_word' id='word_1_483' title='bbox 1236 2210 1317 2234; x_wconf 89' lang='lat' dir='ltr'>cum</span> <span class='ocrx_word' id='word_1_484' title='bbox 1325 2198 1473 2234; x_wconf 90' lang='lat' dir='ltr'>vestibus</span> <span class='ocrx_word' id='word_1_485' title='bbox 1486 2198 1601 2237; x_wconf 64' lang='lat' dir='ltr'>illaesis.</span> <span class='ocrx_word' id='word_1_486' title='bbox 1685 2204 1754 2239; x_wconf 81' lang='lat' dir='ltr'>atio</span> 
     </span>
     <span class='ocr_line' id='line_1_42' title="bbox 44 2246 1754 2297; baseline 0 -13"><span class='ocrx_word' id='word_1_487' title='bbox 44 2247 220 2297; x_wconf 81' lang='lat' dir='ltr'>primieffi:</span> <span class='ocrx_word' id='word_1_488' title='bbox 227 2246 351 2295; x_wconf 87' lang='lat' dir='ltr'>potest,</span> <span class='ocrx_word' id='word_1_489' title='bbox 364 2247 460 2290; x_wconf 82' lang='lat' dir='ltr'>quod</span> <span class='ocrx_word' id='word_1_490' title='bbox 469 2246 574 2282; x_wconf 86' lang='lat' dir='ltr'>foetus</span> <span class='ocrx_word' id='word_1_491' title='bbox 583 2247 630 2282; x_wconf 92' lang='lat' dir='ltr'>ob</span> <span class='ocrx_word' id='word_1_492' title='bbox 640 2246 910 2281; x_wconf 86' lang='lat' dir='ltr'>teneritudinem</span> <span class='ocrx_word' id='word_1_493' title='bbox 926 2246 1018 2282; x_wconf 86' lang='lat' dir='ltr'>suam</span> <span class='ocrx_word' id='word_1_494' title='bbox 1032 2246 1164 2282; x_wconf 78' lang='lat' dir='ltr'>facilius</span> <span class='ocrx_word' id='word_1_495' title='bbox 1180 2248 1282 2295; x_wconf 71' lang='lat' dir='ltr'>quarn</span> <span class='ocrx_word' id='word_1_496' title='bbox 1295 2247 1408 2282; x_wconf 89' lang='lat' dir='ltr'>Mater</span> <span class='ocrx_word' id='word_1_497' title='bbox 1423 2247 1576 2287; x_wconf 75' lang='lat' dir='ltr'>asubtili,</span> <span class='ocrx_word' id='word_1_498' title='bbox 1592 2247 1754 2296; x_wconf 76' lang='lat' dir='ltr'>languida</span> 
     </span>
     <span class='ocr_line' id='line_1_43' title="bbox 45 2292 1751 2342; baseline -0.001 -9"><span class='ocrx_word' id='word_1_499' title='bbox 45 2307 174 2336; x_wconf 87' lang='lat' dir='ltr'>tamen,</span> <span class='ocrx_word' id='word_1_500' title='bbox 184 2296 219 2332; x_wconf 73' lang='grc' dir='ltr'>ὅ(</span> <span class='ocrx_word' id='word_1_501' title='bbox 228 2307 301 2330; x_wconf 91' lang='lat' dir='ltr'>non</span> <span class='ocrx_word' id='word_1_502' title='bbox 309 2296 397 2330; x_wconf 88' lang='lat' dir='ltr'>adeo</span> <span class='ocrx_word' id='word_1_503' title='bbox 405 2294 607 2330; x_wconf 82' lang='lat' dir='ltr'>vehementi</span> <span class='ocrx_word' id='word_1_504' title='bbox 619 2293 854 2334; x_wconf 84' lang='lat' dir='ltr'>exhalatione,</span> <span class='ocrx_word' id='word_1_505' title='bbox 861 2292 950 2330; x_wconf 86' lang='lat' dir='ltr'>affici</span> <span class='ocrx_word' id='word_1_506' title='bbox 961 2294 1049 2330; x_wconf 81' lang='lat' dir='ltr'>male</span> <span class='ocrx_word' id='word_1_507' title='bbox 1057 2297 1182 2342; x_wconf 87' lang='lat' dir='ltr'>potuit.</span> <span class='ocrx_word' id='word_1_508' title='bbox 1233 2296 1421 2331; x_wconf 74' lang='lat' dir='ltr'>Coeterum</span> <span class='ocrx_word' id='word_1_509' title='bbox 1435 2296 1598 2331; x_wconf 84' lang='lat' dir='ltr'>credibile</span> <span class='ocrx_word' id='word_1_510' title='bbox 1608 2296 1693 2331; x_wconf 87' lang='lat' dir='ltr'>mihi</span> <span class='ocrx_word' id='word_1_511' title='bbox 1702 2297 1751 2331; x_wconf 89' lang='lat' dir='ltr'>vi-</span> 
     </span>
     <span class='ocr_line' id='line_1_44' title="bbox 46 2341 1753 2392; baseline -0.001 -11"><span class='ocrx_word' id='word_1_512' title='bbox 46 2347 149 2381; x_wconf 89' lang='lat' dir='ltr'>detur</span> <span class='ocrx_word' id='word_1_513' title='bbox 156 2355 198 2379; x_wconf 88' lang='lat' dir='ltr'>ex</span> <span class='ocrx_word' id='word_1_514' title='bbox 205 2343 404 2379; x_wconf 88' lang='lat' dir='ltr'>vehementi</span> <span class='ocrx_word' id='word_1_515' title='bbox 411 2342 564 2378; x_wconf 84' lang='lat' dir='ltr'>fulminis</span> <span class='ocrx_word' id='word_1_516' title='bbox 575 2342 674 2390; x_wconf 69' lang='lat' dir='ltr'>illapsi</span> <span class='ocrx_word' id='word_1_517' title='bbox 684 2353 815 2378; x_wconf 89' lang='lat' dir='ltr'>terrore</span> <span class='ocrx_word' id='word_1_518' title='bbox 823 2354 900 2378; x_wconf 88' lang='lat' dir='ltr'>eam</span> <span class='ocrx_word' id='word_1_519' title='bbox 911 2343 967 2378; x_wconf 87' lang='lat' dir='ltr'>hic</span> <span class='ocrx_word' id='word_1_520' title='bbox 975 2341 1169 2378; x_wconf 67' lang='lat' dir='ltr'>abortivill‘e</span> <span class='ocrx_word' id='word_1_521' title='bbox 1182 2366 1193 2382; x_wconf 90' lang='lat'>,</span> <span class='ocrx_word' id='word_1_522' title='bbox 1202 2343 1238 2380; x_wconf 68' lang='grc' dir='ltr'>δε</span> <span class='ocrx_word' id='word_1_523' title='bbox 1249 2344 1290 2379; x_wconf 78' lang='lat' dir='ltr'>ita</span> <span class='ocrx_word' id='word_1_524' title='bbox 1301 2345 1426 2379; x_wconf 83' lang='lat' dir='ltr'>foetum</span> <span class='ocrx_word' id='word_1_525' title='bbox 1437 2344 1527 2392; x_wconf 77' lang='lat' dir='ltr'>quali</span> <span class='ocrx_word' id='word_1_526' title='bbox 1542 2344 1690 2380; x_wconf 81' lang='lat' dir='ltr'>fulmine</span> <span class='ocrx_word' id='word_1_527' title='bbox 1703 2355 1753 2380; x_wconf 85' lang='lat' dir='ltr'>ta·</span> 
     </span>
     <span class='ocr_line' id='line_1_45' title="bbox 44 2389 1751 2440; baseline 0 -12"><span class='ocrx_word' id='word_1_528' title='bbox 44 2392 141 2430; x_wconf 73' lang='lat' dir='ltr'>&amp;um</span> <span class='ocrx_word' id='word_1_529' title='bbox 150 2392 185 2428; x_wconf 75' lang='grc' dir='ltr'>ὅ(</span> <span class='ocrx_word' id='word_1_530' title='bbox 192 2389 386 2440; x_wconf 75' lang='lat' dir='ltr'>perculsum</span> <span class='ocrx_word' id='word_1_531' title='bbox 393 2389 543 2427; x_wconf 80' lang='lat' dir='ltr'>edidiffe.</span> <span class='ocrx_word' id='word_1_532' title='bbox 596 2391 696 2425; x_wconf 82' lang='lat' dir='ltr'>Ratio</span> <span class='ocrx_word' id='word_1_533' title='bbox 705 2391 846 2426; x_wconf 86' lang='lat' dir='ltr'>secundi</span> <span class='ocrx_word' id='word_1_534' title='bbox 855 2389 913 2430; x_wconf 82' lang='lat' dir='ltr'>est,</span> <span class='ocrx_word' id='word_1_535' title='bbox 922 2392 1001 2439; x_wconf 83' lang='lat' dir='ltr'>quia</span> <span class='ocrx_word' id='word_1_536' title='bbox 1010 2391 1143 2426; x_wconf 88' lang='lat' dir='ltr'>dolium</span> <span class='ocrx_word' id='word_1_537' title='bbox 1157 2391 1252 2431; x_wconf 87' lang='lat' dir='ltr'>illud,</span> <span class='ocrx_word' id='word_1_538' title='bbox 1259 2393 1342 2427; x_wconf 79' lang='lat' dir='ltr'>cum</span> <span class='ocrx_word' id='word_1_539' title='bbox 1351 2393 1468 2427; x_wconf 89' lang='lat' dir='ltr'>rariori</span> <span class='ocrx_word' id='word_1_540' title='bbox 1479 2392 1657 2428; x_wconf 66' lang='lat' dir='ltr'>(obstantia</span> <span class='ocrx_word' id='word_1_541' title='bbox 1666 2405 1708 2428; x_wconf 92' lang='lat' dir='ltr'>co</span> <span class='ocrx_word' id='word_1_542' title='bbox 1714 2406 1751 2429; x_wconf 88' lang='lat' dir='ltr'>n-</span> 
     </span>
     <span class='ocr_line' id='line_1_46' title="bbox 45 2436 1750 2489; baseline -0.001 -12"><span class='ocrx_word' id='word_1_543' title='bbox 45 2441 125 2480; x_wconf 86' lang='lat' dir='ltr'>stet,</span> <span class='ocrx_word' id='word_1_544' title='bbox 134 2441 285 2476; x_wconf 81' lang='lat' dir='ltr'>fulminis</span> <span class='ocrx_word' id='word_1_545' title='bbox 293 2440 325 2474; x_wconf 92' lang='lat' dir='ltr'>vi</span> <span class='ocrx_word' id='word_1_546' title='bbox 335 2439 483 2475; x_wconf 84' lang='lat' dir='ltr'>laxatum</span> <span class='ocrx_word' id='word_1_547' title='bbox 492 2437 588 2474; x_wconf 73' lang='lat' dir='ltr'>fuill&#39;e</span> <span class='ocrx_word' id='word_1_548' title='bbox 596 2461 606 2478; x_wconf 87' lang='lat'>,</span> <span class='ocrx_word' id='word_1_549' title='bbox 619 2436 763 2486; x_wconf 71' lang='lat' dir='ltr'>ejusque</span> <span class='ocrx_word' id='word_1_550' title='bbox 773 2439 876 2474; x_wconf 81' lang='lat' dir='ltr'>latera</span> <span class='ocrx_word' id='word_1_551' title='bbox 884 2440 1002 2474; x_wconf 87' lang='lat' dir='ltr'>omnia</span> <span class='ocrx_word' id='word_1_552' title='bbox 1010 2440 1136 2475; x_wconf 80' lang='lat' dir='ltr'>rariora</span> <span class='ocrx_word' id='word_1_553' title='bbox 1145 2440 1241 2479; x_wconf 58' lang='lat' dir='ltr'>faeta,</span> <span class='ocrx_word' id='word_1_554' title='bbox 1253 2441 1297 2476; x_wconf 89' lang='lat' dir='ltr'>ita</span> <span class='ocrx_word' id='word_1_555' title='bbox 1307 2451 1345 2476; x_wconf 91' lang='lat' dir='ltr'>ut</span> <span class='ocrx_word' id='word_1_556' title='bbox 1354 2441 1476 2489; x_wconf 78' lang='lat' dir='ltr'>igneus</span> <span class='ocrx_word' id='word_1_557' title='bbox 1493 2441 1636 2489; x_wconf 83' lang='lat' dir='ltr'>Spiritus</span> <span class='ocrx_word' id='word_1_558' title='bbox 1652 2442 1750 2476; x_wconf 74' lang='lat' dir='ltr'>facile</span> 
     </span>
     <span class='ocr_line' id='line_1_47' title="bbox 47 2487 1752 2536; baseline -0.001 -11"><span class='ocrx_word' id='word_1_559' title='bbox 47 2490 83 2525; x_wconf 87' lang='lat' dir='ltr'>in</span> <span class='ocrx_word' id='word_1_560' title='bbox 93 2490 127 2525; x_wconf 90' lang='lat' dir='ltr'>id</span> <span class='ocrx_word' id='word_1_561' title='bbox 143 2488 480 2536; x_wconf 86' lang='lat' dir='ltr'>sereciperet,atque</span> <span class='ocrx_word' id='word_1_562' title='bbox 488 2488 643 2522; x_wconf 89' lang='lat' dir='ltr'>acerrimi</span> <span class='ocrx_word' id='word_1_563' title='bbox 653 2487 775 2523; x_wconf 83' lang='lat' dir='ltr'>caloris</span> <span class='ocrx_word' id='word_1_564' title='bbox 785 2487 830 2522; x_wconf 80' lang='lat' dir='ltr'>lui</span> <span class='ocrx_word' id='word_1_565' title='bbox 841 2488 873 2522; x_wconf 90' lang='lat' dir='ltr'>vi</span> <span class='ocrx_word' id='word_1_566' title='bbox 881 2489 1024 2535; x_wconf 76' lang='lat' dir='ltr'>repente</span> <span class='ocrx_word' id='word_1_567' title='bbox 1031 2488 1152 2523; x_wconf 92' lang='lat' dir='ltr'>vinum</span> <span class='ocrx_word' id='word_1_568' title='bbox 1170 2489 1352 2524; x_wconf 76' lang='lat' dir='ltr'>exsiccaret</span> <span class='ocrx_word' id='word_1_569' title='bbox 1369 2489 1405 2525; x_wconf 75' lang='grc' dir='ltr'>ὅ(</span> <span class='ocrx_word' id='word_1_570' title='bbox 1419 2488 1624 2527; x_wconf 77' lang='lat' dir='ltr'>absumeret.</span> <span class='ocrx_word' id='word_1_571' title='bbox 1658 2490 1752 2526; x_wconf 87' lang='lat' dir='ltr'>Cau-</span> 
     </span>
     <span class='ocr_line' id='line_1_48' title="bbox 45 2535 1757 2585; baseline 0 -12"><span class='ocrx_word' id='word_1_572' title='bbox 45 2536 114 2573; x_wconf 77' lang='lat' dir='ltr'>sam</span> <span class='ocrx_word' id='word_1_573' title='bbox 123 2537 213 2573; x_wconf 88' lang='lat' dir='ltr'>tertii</span> <span class='ocrx_word' id='word_1_574' title='bbox 220 2536 333 2572; x_wconf 86' lang='lat' dir='ltr'>reddit</span> <span class='ocrx_word' id='word_1_575' title='bbox 340 2535 502 2583; x_wconf 82' lang='lat' dir='ltr'>Virgilius</span> <span class='ocrx_word' id='word_1_576' title='bbox 509 2535 791 2571; x_wconf 78' lang='lat' dir='ltr'>Wellenderffer</span> <span class='ocrx_word' id='word_1_577' title='bbox 799 2537 834 2571; x_wconf 90' lang='lat' dir='ltr'>in</span> <span class='ocrx_word' id='word_1_578' title='bbox 846 2535 1025 2585; x_wconf 87' lang='lat' dir='ltr'>Decalogo</span> <span class='ocrx_word' id='word_1_579' title='bbox 1039 2537 1148 2572; x_wconf 88' lang='lat' dir='ltr'>Serm.</span> <span class='ocrx_word' id='word_1_580' title='bbox 1156 2549 1188 2582; x_wconf 84' lang='lat'>7.</span> <span class='ocrx_word' id='word_1_581' title='bbox 1198 2550 1227 2573; x_wconf 85' lang='lat' dir='ltr'>c.</span> <span class='ocrx_word' id='word_1_582' title='bbox 1235 2549 1260 2580; x_wconf 86' lang='lat'>5.</span> <span class='ocrx_word' id='word_1_583' title='bbox 1275 2537 1354 2584; x_wconf 86' lang='lat' dir='ltr'>quia</span> <span class='ocrx_word' id='word_1_584' title='bbox 1361 2549 1469 2585; x_wconf 86' lang='lat' dir='ltr'>vapor</span> <span class='ocrx_word' id='word_1_585' title='bbox 1477 2537 1533 2573; x_wconf 88' lang='lat' dir='ltr'>ille</span> <span class='ocrx_word' id='word_1_586' title='bbox 1541 2538 1757 2578; x_wconf 80' lang='lat' dir='ltr'>divaricatus,</span> 
     </span>
     <span class='ocr_line' id='line_1_49' title="bbox 46 2581 1755 2634; baseline 0.001 -13"><span class='ocrx_word' id='word_1_587' title='bbox 46 2585 119 2622; x_wconf 89' lang='lat' dir='ltr'>hoc</span> <span class='ocrx_word' id='word_1_588' title='bbox 126 2585 188 2625; x_wconf 89' lang='lat' dir='ltr'>est,</span> <span class='ocrx_word' id='word_1_589' title='bbox 196 2583 320 2620; x_wconf 86' lang='lat' dir='ltr'>divisus</span> <span class='ocrx_word' id='word_1_590' title='bbox 329 2585 363 2619; x_wconf 90' lang='lat' dir='ltr'>in</span> <span class='ocrx_word' id='word_1_591' title='bbox 371 2585 538 2632; x_wconf 87' lang='lat' dir='ltr'>partibus,</span> <span class='ocrx_word' id='word_1_592' title='bbox 547 2581 769 2619; x_wconf 81' lang='lat' dir='ltr'>debilillimus</span> <span class='ocrx_word' id='word_1_593' title='bbox 778 2584 842 2629; x_wconf 79' lang='lat' dir='ltr'>est3</span> <span class='ocrx_word' id='word_1_594' title='bbox 857 2584 959 2632; x_wconf 86' lang='lat' dir='ltr'>igitur</span> <span class='ocrx_word' id='word_1_595' title='bbox 967 2584 1044 2620; x_wconf 86' lang='lat' dir='ltr'>talia</span> <span class='ocrx_word' id='word_1_596' title='bbox 1053 2583 1161 2621; x_wconf 78' lang='lat' dir='ltr'>[olum</span> <span class='ocrx_word' id='word_1_597' title='bbox 1170 2586 1345 2625; x_wconf 81' lang='lat' dir='ltr'>accendit,</span> <span class='ocrx_word' id='word_1_598' title='bbox 1355 2597 1430 2634; x_wconf 79' lang='lat' dir='ltr'>quae</span> <span class='ocrx_word' id='word_1_599' title='bbox 1439 2585 1514 2621; x_wconf 86' lang='lat' dir='ltr'>sunt</span> <span class='ocrx_word' id='word_1_600' title='bbox 1523 2586 1626 2622; x_wconf 72' lang='lat' dir='ltr'>facilis</span> <span class='ocrx_word' id='word_1_601' title='bbox 1636 2586 1755 2622; x_wconf 88' lang='lat' dir='ltr'>incen-</span> 
     </span>
     <span class='ocr_line' id='line_1_50' title="bbox 48 2631 1758 2682; baseline 0 -12"><span class='ocrx_word' id='word_1_602' title='bbox 48 2633 160 2674; x_wconf 77' lang='lat' dir='ltr'>sionis,</span> <span class='ocrx_word' id='word_1_603' title='bbox 168 2643 208 2669; x_wconf 89' lang='lat' dir='ltr'>ut</span> <span class='ocrx_word' id='word_1_604' title='bbox 216 2632 337 2681; x_wconf 88' lang='lat' dir='ltr'>capilli,</span> <span class='ocrx_word' id='word_1_605' title='bbox 345 2632 490 2681; x_wconf 89' lang='lat' dir='ltr'>quisunt</span> <span class='ocrx_word' id='word_1_606' title='bbox 499 2633 543 2668; x_wconf 90' lang='lat' dir='ltr'>de</span> <span class='ocrx_word' id='word_1_607' title='bbox 550 2632 691 2668; x_wconf 85' lang='lat' dir='ltr'>materia</span> <span class='ocrx_word' id='word_1_608' title='bbox 698 2631 887 2669; x_wconf 85' lang='lat' dir='ltr'>terrestri&amp;</span> <span class='ocrx_word' id='word_1_609' title='bbox 897 2631 1000 2678; x_wconf 77' lang='lat' dir='ltr'>ficca3</span> <span class='ocrx_word' id='word_1_610' title='bbox 1013 2633 1118 2682; x_wconf 80' lang='lat' dir='ltr'>&amp;per</span> <span class='ocrx_word' id='word_1_611' title='bbox 1125 2634 1256 2670; x_wconf 70' lang='lat' dir='ltr'>tatlum</span> <span class='ocrx_word' id='word_1_612' title='bbox 1262 2632 1406 2682; x_wconf 85' lang='lat' dir='ltr'>alicujus</span> <span class='ocrx_word' id='word_1_613' title='bbox 1415 2634 1574 2670; x_wconf 82' lang='lat' dir='ltr'>humoris</span> <span class='ocrx_word' id='word_1_614' title='bbox 1582 2645 1690 2682; x_wconf 86' lang='lat' dir='ltr'>vapor</span> <span class='ocrx_word' id='word_1_615' title='bbox 1700 2634 1758 2670; x_wconf 88' lang='lat' dir='ltr'>ille</span> 
     </span>
     <span class='ocr_line' id='line_1_51' title="bbox 50 2691 273 2719; baseline -0.004 0"><span class='ocrx_word' id='word_1_616' title='bbox 50 2691 143 2719; x_wconf 79' lang='lat' dir='ltr'>extm</span> <span class='ocrx_word' id='word_1_617' title='bbox 169 2691 273 2718; x_wconf 75' lang='lat' dir='ltr'>uitur.</span> 
     </span>
     <span class='ocr_line' id='line_1_52' title="bbox 181 2727 1761 2786; baseline 0.003 -22"><span class='ocrx_word' id='word_1_618' title='bbox 181 2728 336 2765; x_wconf 81' lang='lat' dir='ltr'>onclufio</span> <span class='ocrx_word' id='word_1_619' title='bbox 343 2727 470 2764; x_wconf 79' lang='lat' dir='ltr'>Tertia.</span> <span class='ocrx_word' id='word_1_620' title='bbox 519 2728 888 2764; x_wconf 84' lang='lat' dir='ltr'>Venenatainterdum</span> <span class='ocrx_word' id='word_1_621' title='bbox 897 2728 973 2776; x_wconf 91' lang='lat' dir='ltr'>post</span> <span class='ocrx_word' id='word_1_622' title='bbox 981 2729 1133 2765; x_wconf 76' lang='lat' dir='ltr'>fiilminis</span> <span class='ocrx_word' id='word_1_623' title='bbox 1147 2730 1280 2786; x_wconf 79' lang='lat' dir='ltr'>plagam</span> <span class='ocrx_word' id='word_1_624' title='bbox 1296 2741 1473 2767; x_wconf 84' lang='lat' dir='ltr'>venenum</span> <span class='ocrx_word' id='word_1_625' title='bbox 1488 2731 1672 2777; x_wconf 89' lang='lat' dir='ltr'>deponunt</span> <span class='ocrx_word' id='word_1_626' title='bbox 1686 2743 1697 2776; x_wconf 82' lang='lat'>3</span> <span class='ocrx_word' id='word_1_627' title='bbox 1723 2730 1761 2769; x_wconf 78' lang='grc' dir='ltr'>ὅ(</span> 
     </span>
     <span class='ocr_line' id='line_1_53' title="bbox 76 2776 1764 2828; baseline 0.002 -14"><span class='ocrx_word' id='word_1_628' title='bbox 76 2780 366 2817; x_wconf 81' lang='lat' dir='ltr'>uaedam,veneno</span> <span class='ocrx_word' id='word_1_629' title='bbox 374 2777 467 2825; x_wconf 89' lang='lat' dir='ltr'>prius</span> <span class='ocrx_word' id='word_1_630' title='bbox 475 2777 634 2816; x_wconf 89' lang='lat' dir='ltr'>carentia,</span> <span class='ocrx_word' id='word_1_631' title='bbox 642 2776 724 2812; x_wconf 91' lang='lat' dir='ltr'>illud</span> <span class='ocrx_word' id='word_1_632' title='bbox 732 2778 948 2825; x_wconf 88' lang='lat' dir='ltr'>concipiunt.</span> <span class='ocrx_word' id='word_1_633' title='bbox 998 2777 1213 2826; x_wconf 73' lang='lat' dir='ltr'>Caulaprimi</span> <span class='ocrx_word' id='word_1_634' title='bbox 1224 2778 1290 2814; x_wconf 82' lang='lat' dir='ltr'>effe</span> <span class='ocrx_word' id='word_1_635' title='bbox 1298 2779 1420 2828; x_wconf 83' lang='lat' dir='ltr'>potest,</span> <span class='ocrx_word' id='word_1_636' title='bbox 1430 2779 1507 2826; x_wconf 84' lang='lat' dir='ltr'>quia</span> <span class='ocrx_word' id='word_1_637' title='bbox 1517 2779 1550 2813; x_wconf 92' lang='lat' dir='ltr'>in</span> <span class='ocrx_word' id='word_1_638' title='bbox 1561 2779 1620 2814; x_wconf 90' lang='lat' dir='ltr'>illis</span> <span class='ocrx_word' id='word_1_639' title='bbox 1629 2778 1764 2817; x_wconf 86' lang='lat' dir='ltr'>fulmen</span> 
     </span>
     <span class='ocr_line' id='line_1_54' title="bbox 99 2824 1756 2876; baseline 0.001 -14"><span class='ocrx_word' id='word_1_640' title='bbox 99 2827 166 2862; x_wconf 88' lang='lat' dir='ltr'>urit</span> <span class='ocrx_word' id='word_1_641' title='bbox 182 2836 371 2861; x_wconf 88' lang='lat' dir='ltr'>venenum.</span> <span class='ocrx_word' id='word_1_642' title='bbox 423 2825 473 2860; x_wconf 87' lang='lat' dir='ltr'>lta</span> <span class='ocrx_word' id='word_1_643' title='bbox 487 2825 620 2860; x_wconf 89' lang='lat' dir='ltr'>Seneca</span> <span class='ocrx_word' id='word_1_644' title='bbox 634 2824 654 2859; x_wconf 93' lang='grc' dir='ltr'>Ι.</span> <span class='ocrx_word' id='word_1_645' title='bbox 670 2837 698 2860; x_wconf 83' lang='lat'>2.</span> <span class='ocrx_word' id='word_1_646' title='bbox 718 2835 785 2860; x_wconf 82' lang='lat' dir='ltr'>nat.</span> <span class='ocrx_word' id='word_1_647' title='bbox 801 2825 930 2874; x_wconf 71' lang='lat' dir='ltr'>Qua-st.</span> <span class='ocrx_word' id='word_1_648' title='bbox 941 2837 972 2861; x_wconf 88' lang='lat' dir='ltr'>c.</span> <span class='ocrx_word' id='word_1_649' title='bbox 986 2837 1025 2871; x_wconf 84' lang='lat'>31.</span> <span class='ocrx_word' id='word_1_650' title='bbox 1040 2826 1230 2868; x_wconf 89' lang='lat' dir='ltr'>malorum,</span> <span class='ocrx_word' id='word_1_651' title='bbox 1246 2829 1374 2876; x_wconf 89' lang='lat' dir='ltr'>inquit,</span> <span class='ocrx_word' id='word_1_652' title='bbox 1387 2827 1607 2875; x_wconf 86' lang='lat' dir='ltr'>Serpentium</span> <span class='ocrx_word' id='word_1_653' title='bbox 1621 2826 1658 2864; x_wconf 77' lang='grc' dir='ltr'>ὅ(</span> <span class='ocrx_word' id='word_1_654' title='bbox 1672 2827 1756 2863; x_wconf 90' lang='lat' dir='ltr'>alio-</span> 
     </span>
     <span class='ocr_line' id='line_1_55' title="bbox 53 2873 1757 2920; baseline 0.002 -11"><span class='ocrx_word' id='word_1_655' title='bbox 53 2884 132 2909; x_wconf 84' lang='lat' dir='ltr'>rum</span> <span class='ocrx_word' id='word_1_656' title='bbox 139 2873 383 2911; x_wconf 75' lang='lat' dir='ltr'>animantium,</span> <span class='ocrx_word' id='word_1_657' title='bbox 397 2873 522 2920; x_wconf 89' lang='lat' dir='ltr'>quibus</span> <span class='ocrx_word' id='word_1_658' title='bbox 540 2873 717 2908; x_wconf 75' lang='lat' dir='ltr'>mortifera</span> <span class='ocrx_word' id='word_1_659' title='bbox 730 2874 780 2908; x_wconf 85' lang='lat' dir='ltr'>vis</span> <span class='ocrx_word' id='word_1_660' title='bbox 795 2873 897 2914; x_wconf 87' lang='lat' dir='ltr'>inest,</span> <span class='ocrx_word' id='word_1_661' title='bbox 909 2885 992 2910; x_wconf 86' lang='lat' dir='ltr'>cum</span> <span class='ocrx_word' id='word_1_662' title='bbox 1005 2874 1152 2911; x_wconf 88' lang='lat' dir='ltr'>fulmine</span> <span class='ocrx_word' id='word_1_663' title='bbox 1165 2874 1230 2912; x_wconf 56' lang='lat' dir='ltr'>ieta</span> <span class='ocrx_word' id='word_1_664' title='bbox 1244 2876 1319 2912; x_wconf 73' lang='lat' dir='ltr'>lunt</span> <span class='ocrx_word' id='word_1_665' title='bbox 1331 2899 1341 2916; x_wconf 98' lang='lat'>,</span> <span class='ocrx_word' id='word_1_666' title='bbox 1363 2886 1539 2912; x_wconf 88' lang='lat' dir='ltr'>venenum</span> <span class='ocrx_word' id='word_1_667' title='bbox 1549 2886 1658 2912; x_wconf 86' lang='lat' dir='ltr'>omne</span> <span class='ocrx_word' id='word_1_668' title='bbox 1671 2887 1757 2912; x_wconf 92' lang='lat' dir='ltr'>con-</span> 
     </span>
     <span class='ocr_line' id='line_1_56' title="bbox 57 2919 1765 2972; baseline 0.002 -15"><span class='ocrx_word' id='word_1_669' title='bbox 57 2920 208 2958; x_wconf 88' lang='lat' dir='ltr'>sumitur.</span> <span class='ocrx_word' id='word_1_670' title='bbox 259 2922 337 2956; x_wconf 87' lang='lat' dir='ltr'>Nec</span> <span class='ocrx_word' id='word_1_671' title='bbox 345 2921 472 2956; x_wconf 89' lang='lat' dir='ltr'>mirum</span> <span class='ocrx_word' id='word_1_672' title='bbox 481 2919 546 2959; x_wconf 89' lang='lat' dir='ltr'>est,</span> <span class='ocrx_word' id='word_1_673' title='bbox 560 2921 789 2957; x_wconf 79' lang='lat' dir='ltr'>cumveneno</span> <span class='ocrx_word' id='word_1_674' title='bbox 797 2921 876 2958; x_wconf 85' lang='lat' dir='ltr'>alias</span> <span class='ocrx_word' id='word_1_675' title='bbox 897 2922 1020 2970; x_wconf 91' lang='lat' dir='ltr'>(quale</span> <span class='ocrx_word' id='word_1_676' title='bbox 1029 2923 1063 2958; x_wconf 91' lang='lat' dir='ltr'>in</span> <span class='ocrx_word' id='word_1_677' title='bbox 1079 2922 1239 2972; x_wconf 85' lang='lat' dir='ltr'>sulphure</span> <span class='ocrx_word' id='word_1_678' title='bbox 1256 2925 1408 2960; x_wconf 81' lang='lat' dir='ltr'>fulminis</span> <span class='ocrx_word' id='word_1_679' title='bbox 1417 2922 1464 2958; x_wconf 89' lang='lat' dir='ltr'>est</span> <span class='ocrx_word' id='word_1_680' title='bbox 1477 2945 1486 2963; x_wconf 95' lang='lat'>,</span> <span class='ocrx_word' id='word_1_681' title='bbox 1511 2933 1551 2958; x_wconf 89' lang='lat' dir='ltr'>ut</span> <span class='ocrx_word' id='word_1_682' title='bbox 1563 2935 1649 2960; x_wconf 84' lang='lat' dir='ltr'>mox</span> <span class='ocrx_word' id='word_1_683' title='bbox 1662 2925 1765 2962; x_wconf 73' lang='lat' dir='ltr'>dice-&#39;</span> 
     </span>
     <span class='ocr_line' id='line_1_57' title="bbox 57 2967 1760 3021; baseline 0.004 -18"><span class='ocrx_word' id='word_1_684' title='bbox 57 2971 154 3013; x_wconf 82' lang='lat' dir='ltr'>mus)</span> <span class='ocrx_word' id='word_1_685' title='bbox 160 2969 251 3005; x_wconf 87' lang='lat' dir='ltr'>aliud</span> <span class='ocrx_word' id='word_1_686' title='bbox 259 2980 436 3005; x_wconf 90' lang='lat' dir='ltr'>venenum</span> <span class='ocrx_word' id='word_1_687' title='bbox 443 2968 522 3016; x_wconf 90' lang='lat' dir='ltr'>pelli</span> <span class='ocrx_word' id='word_1_688' title='bbox 529 2967 626 3016; x_wconf 80' lang='lat' dir='ltr'>posse</span> <span class='ocrx_word' id='word_1_689' title='bbox 633 2970 748 3004; x_wconf 89' lang='lat' dir='ltr'>notius</span> <span class='ocrx_word' id='word_1_690' title='bbox 758 2969 812 3010; x_wconf 84' lang='lat' dir='ltr'>lit,</span> <span class='ocrx_word' id='word_1_691' title='bbox 827 2971 930 3018; x_wconf 73' lang='lat' dir='ltr'>quam</span> <span class='ocrx_word' id='word_1_692' title='bbox 938 2971 1137 3019; x_wconf 83' lang='lat' dir='ltr'>utpluribus</span> <span class='ocrx_word' id='word_1_693' title='bbox 1145 2973 1307 3010; x_wconf 85' lang='lat' dir='ltr'>declarari</span> <span class='ocrx_word' id='word_1_694' title='bbox 1316 2974 1451 3008; x_wconf 87' lang='lat' dir='ltr'>debeat.</span> <span class='ocrx_word' id='word_1_695' title='bbox 1502 2971 1597 3009; x_wconf 84' lang='lat' dir='ltr'>Hinc</span> <span class='ocrx_word' id='word_1_696' title='bbox 1606 2972 1639 3009; x_wconf 88' lang='lat' dir='ltr'>S.</span> <span class='ocrx_word' id='word_1_697' title='bbox 1649 2971 1760 3021; x_wconf 65' lang='lat' dir='ltr'>Greig.</span> 
     </span>
     <span class='ocr_line' id='line_1_58' title="bbox 59 3013 1755 3069; baseline 0.002 -16"><span class='ocrx_word' id='word_1_698' title='bbox 59 3015 117 3051; x_wconf 81' lang='lat' dir='ltr'>lib·</span> <span class='ocrx_word' id='word_1_699' title='bbox 134 3027 159 3060; x_wconf 83' lang='lat'>3.</span> <span class='ocrx_word' id='word_1_700' title='bbox 175 3016 260 3053; x_wconf 65' lang='lat' dir='ltr'>Diat</span> <span class='ocrx_word' id='word_1_701' title='bbox 273 3029 305 3052; x_wconf 90' lang='lat' dir='ltr'>c.</span> <span class='ocrx_word' id='word_1_702' title='bbox 322 3027 360 3059; x_wconf 79' lang='grc' dir='ltr'>ις.</span> <span class='ocrx_word' id='word_1_703' title='bbox 372 3026 397 3052; x_wconf 88' lang='lat' dir='ltr'>t.</span> <span class='ocrx_word' id='word_1_704' title='bbox 416 3029 437 3052; x_wconf 89' lang='grc' dir='ltr'>ι.</span> <span class='ocrx_word' id='word_1_705' title='bbox 452 3017 563 3052; x_wconf 88' lang='lat' dir='ltr'>scribit</span> <span class='ocrx_word' id='word_1_706' title='bbox 583 3017 680 3064; x_wconf 85' lang='lat' dir='ltr'>super</span> <span class='ocrx_word' id='word_1_707' title='bbox 701 3021 854 3052; x_wconf 73' lang='lat' dir='ltr'>Nurciam</span> <span class='ocrx_word' id='word_1_708' title='bbox 867 3019 999 3055; x_wconf 84' lang='lat' dir='ltr'>tonitru</span> <span class='ocrx_word' id='word_1_709' title='bbox 1019 3020 1206 3068; x_wconf 86' lang='lat' dir='ltr'>aliquando</span> <span class='ocrx_word' id='word_1_710' title='bbox 1226 3020 1399 3068; x_wconf 85' lang='lat' dir='ltr'>delapsum</span> <span class='ocrx_word' id='word_1_711' title='bbox 1407 3043 1418 3059; x_wconf 95' lang='lat'>,</span> <span class='ocrx_word' id='word_1_712' title='bbox 1439 3031 1564 3056; x_wconf 89' lang='lat' dir='ltr'>omnes</span> <span class='ocrx_word' id='word_1_713' title='bbox 1572 3043 1582 3061; x_wconf 93' lang='lat'>,</span> <span class='ocrx_word' id='word_1_714' title='bbox 1596 3022 1654 3069; x_wconf 89' lang='lat' dir='ltr'>qui</span> <span class='ocrx_word' id='word_1_715' title='bbox 1668 3023 1702 3057; x_wconf 92' lang='lat' dir='ltr'>in</span> <span class='ocrx_word' id='word_1_716' title='bbox 1719 3013 1755 3057; x_wconf 77' lang='lat' dir='ltr'>il-</span> 
     </span>
     <span class='ocr_line' id='line_1_59' title="bbox 60 3062 1759 3117; baseline 0.004 -19"><span class='ocrx_word' id='word_1_717' title='bbox 60 3062 96 3098; x_wconf 93' lang='lat' dir='ltr'>lo</span> <span class='ocrx_word' id='word_1_718' title='bbox 104 3062 252 3098; x_wconf 63' lang='lat' dir='ltr'>distrittu</span> <span class='ocrx_word' id='word_1_719' title='bbox 267 3085 278 3103; x_wconf 91' lang='lat'>,</span> <span class='ocrx_word' id='word_1_720' title='bbox 297 3064 570 3111; x_wconf 85' lang='lat' dir='ltr'>reperiebantur,</span> <span class='ocrx_word' id='word_1_721' title='bbox 588 3066 771 3113; x_wconf 85' lang='lat' dir='ltr'>Serpentes</span> <span class='ocrx_word' id='word_1_722' title='bbox 788 3066 1003 3106; x_wconf 79' lang='lat' dir='ltr'>interemifl&#39;e.</span> <span class='ocrx_word' id='word_1_723' title='bbox 1053 3069 1161 3104; x_wconf 77' lang='lat' dir='ltr'>Causa</span> <span class='ocrx_word' id='word_1_724' title='bbox 1168 3069 1365 3117; x_wconf 80' lang='lat' dir='ltr'>posterioris</span> <span class='ocrx_word' id='word_1_725' title='bbox 1373 3068 1430 3108; x_wconf 83' lang='lat' dir='ltr'>est,</span> <span class='ocrx_word' id='word_1_726' title='bbox 1439 3068 1518 3117; x_wconf 89' lang='lat' dir='ltr'>quia</span> <span class='ocrx_word' id='word_1_727' title='bbox 1525 3069 1607 3106; x_wconf 73' lang='lat' dir='ltr'>cum</span> <span class='ocrx_word' id='word_1_728' title='bbox 1622 3070 1759 3106; x_wconf 83' lang='lat' dir='ltr'>exhala-</span> 
     </span>
     <span class='ocr_line' id='line_1_60' title="bbox 59 3110 1758 3173; baseline 0.004 -26"><span class='ocrx_word' id='word_1_729' title='bbox 59 3111 111 3173; x_wconf 68' lang='lat' dir='ltr'>tio</span> <span class='ocrx_word' id='word_1_730' title='bbox 119 3110 272 3148; x_wconf 80' lang='lat' dir='ltr'>fulminis</span> <span class='ocrx_word' id='word_1_731' title='bbox 279 3111 457 3161; x_wconf 76' lang='lat' dir='ltr'>sulphurea</span> <span class='ocrx_word' id='word_1_732' title='bbox 464 3112 518 3154; x_wconf 77' lang='lat' dir='ltr'>lit,</span> <span class='ocrx_word' id='word_1_733' title='bbox 544 3111 909 3161; x_wconf 56' lang='lat' dir='ltr'>&amp;sunulcalidiffimn</span> <span class='ocrx_word' id='word_1_734' title='bbox 933 3116 1073 3165; x_wconf 68' lang='lat' dir='ltr'>ssulphur</span> <span class='ocrx_word' id='word_1_735' title='bbox 1092 3129 1209 3155; x_wconf 88' lang='lat' dir='ltr'>autem</span> <span class='ocrx_word' id='word_1_736' title='bbox 1223 3119 1311 3153; x_wconf 88' lang='lat' dir='ltr'>inter</span> <span class='ocrx_word' id='word_1_737' title='bbox 1325 3128 1462 3154; x_wconf 79' lang='lat' dir='ltr'>venena</span> <span class='ocrx_word' id='word_1_738' title='bbox 1473 3116 1509 3154; x_wconf 77' lang='grc' dir='ltr'>ὅ(</span> <span class='ocrx_word' id='word_1_739' title='bbox 1523 3118 1687 3156; x_wconf 86' lang='lat' dir='ltr'>deleteria</span> <span class='ocrx_word' id='word_1_740' title='bbox 1698 3119 1758 3153; x_wconf 85' lang='lat' dir='ltr'>ha·</span> 
     </span>
    </p>
   </div>
   <div class='ocr_carea' id='block_1_3' title="bbox 1054 3164 1765 3208">
    <p class='ocr_par' dir='ltr' id='par_1_8' title="bbox 1054 3164 1765 3208">
     <span class='ocr_line' id='line_1_61' title="bbox 1054 3164 1765 3208; baseline -0.001 -6"><span class='ocrx_word' id='word_1_741' title='bbox 1054 3164 1090 3202; x_wconf 87' lang='lat' dir='ltr'>G</span> <span class='ocrx_word' id='word_1_742' title='bbox 1633 3168 1765 3208; x_wconf 89' lang='lat' dir='ltr'>beatur,</span> 
     </span>
    </p>
   </div>
  </div>
 </body>
</html>
