2087 3610
306 232 391 283 108
988 224 1352 295 Meteorologia

308 305 392 350 dita]
398 304 467 345 uod
479 302 498 337 si
507 312 618 350 partes
626 303 718 338 leves
729 303 885 350 superant
894 303 1068 350 graviores
1076 324 1086 341 ,
1102 304 1182 337 cum
1194 301 1324 349 semper
1337 302 1540 344 ascendant,
1557 315 1630 339 non
1640 313 1780 352 apparet
1792 327 1803 345 ,
1817 304 1913 340 unde
1922 313 2020 341 tanto

309 352 439 400 impetu
451 352 532 399 ssepe
541 362 650 386 turres
661 351 696 387 ὅ(
704 351 845 395 aedificia
853 351 887 385 in
896 360 1021 385 terram
1038 350 1133 385 venti
1151 350 1380 397 prosternant.
2047 353 2050 357 ’

406 446 596 483 Conclusio
608 446 706 484 sexta.
757 446 867 481 Causa
876 445 1006 493 obliqui
1015 455 1132 480 motus
1144 458 1215 481 non
1226 445 1271 480 est
1279 446 1411 493 gyratio
1420 447 1506 495 rapti
1514 449 1599 484 aeris
1618 448 1652 482 in
1663 460 1785 496 gyrum
1795 448 1917 483 ecoelo
1926 457 2027 484 moto

311 497 352 531 ab
363 496 498 531 oriente
508 497 541 530 in
551 497 786 531 occidentem.
838 495 939 529 Ratio
949 494 1012 534 est,
1028 495 1107 542 quia
1123 495 1330 542 sequeretur,
1346 506 1471 530 omnes
1485 507 1611 533 ventos
1619 498 1660 531 ab
1677 497 1855 532 orientein
1863 497 2028 532 occiden-

310 545 487 583 temserri,
514 543 801 591 quandoquidem
812 542 869 577 illo
879 552 978 577 motu
989 542 1098 577 solum
1113 543 1324 589 ae'rrapitur,
1344 543 1495 579 siacoelo
1504 546 1631 592 rapitur
1649 558 1660 589 3
1687 546 1784 592 quod
1796 555 1914 580 tamen
1932 544 1979 580 est
1994 557 2028 579 a·

307 593 405 640 perte
416 593 544 630 salsum.
593 592 751 630 Accedit,
762 592 859 638 quod
869 602 995 626 omnes
1003 591 1097 626 venti
1107 591 1226 638 aequali
1237 590 1423 627 velocitate
1431 592 1466 627 in
1480 594 1708 629 transversum
1724 593 1934 642 agitarentur
1946 615 1957 633 ,
1974 602 2027 628 ut-

310 651 394 689 pote
404 642 491 676 moti
500 642 541 675 ab
552 641 675 675 eadem
683 639 792 679 caula,
809 637 1038 687 ejusdemque
1053 639 1198 677 virtutis.

405 736 595 774 Conclusio
605 735 756 783 septima.
806 735 886 770 Nec
895 734 963 770 sola
970 736 1117 785 gravitas
1138 736 1308 771 halituum
1319 735 1606 772 descendentium
1617 736 1828 772 &occursus
1844 736 2031 772 ascenden-

308 786 448 826 tium&
459 786 491 820 in
502 785 532 829 se
547 785 696 819 invicem
707 784 975 832 impingentium
985 785 1082 819 causa
1090 784 1221 831 obliqui
1233 784 1350 819 motus
1362 784 1430 824 est,
1439 794 1477 820 ut
1485 785 1705 820 Fromondus
1721 785 1740 820 l.
1751 798 1788 832 4.
1800 785 1947 821 Meteor·
1958 796 1988 821 c.
1999 797 2031 821 2.
2086 815 2087 818 ,

310 844 370 873 art,
378 846 403 878 ς.
414 833 539 871 asserit,
556 834 640 867 dum
650 832 771 868 docuit
780 832 1017 868 exhalationes
1026 833 1061 868 ὃ(
1071 844 1215 880 vapores
1224 834 1424 879 recuperata
1434 834 1600 882 gravitate
1610 835 1643 868 in
1656 834 1804 870 secunda
1821 834 1967 883 regione
1973 838 2030 869 ae-

310 883 355 918 ris
364 894 492 930 magno
503 883 633 927 impetu
642 881 958 916 torrentisinstarin
967 891 1091 916 terram
1102 883 1244 921 cadere,
1269 881 1440 928 quiavero
1457 882 1492 916 in
1506 882 1666 917 descensu
1685 882 1719 916 in
1729 882 1814 917 alios
1823 892 1969 930 vapores
1983 880 2031 917 as-
2082 893 2085 899 ·

312 932 503 966 cendentes
519 928 861 968 offendunt,ut'i&in
870 929 1178 970 aerem,iueranmr
1187 941 1267 964 cum
1276 929 1357 968 illis,
1374 929 1410 966 ὅ(
1429 931 1465 974 in
1475 930 1657 977 obliquum
1676 930 1876 977 impellunt,
1894 942 1934 965 ac
1949 941 2033 966 cum
2084 946 2087 950 ¹

310 979 374 1014 illis
383 980 485 1014 etiam
495 978 725 1013 moventurin
733 977 972 1013 transversum.
1025 979 1149 1013 Incidit
1159 979 1233 1013 hoec
1249 979 1514 1013 Sententiaeum
1524 979 1692 1025 opinione
1700 978 1941 1026 Theophrasti.
1964 978 2037 1015 Ra,

312 1028 363 1063 tio
371 1038 487 1062 autem
499 1025 732 1062 conclufionis
742 1036 864 1073 praeter
872 1025 960 1062 dieta
971 1026 1018 1062 est
1029 1050 1039 1067 ,
1067 1030 1163 1074 quod
1174 1026 1228 1061 illa
1247 1026 1313 1061 sola
1327 1027 1472 1075 gravitas
1487 1027 1523 1062 &
1538 1027 1655 1062 levitas
1678 1027 1940 1062 exhalationum
1957 1038 2032 1062 non
2085 1041 2087 1059 i

315 1075 378 1111 sint
386 1086 573 1111 ventorum
583 1075 696 1114 causa,
711 1074 791 1121 quia
805 1075 908 1110 etiarn
923 1075 959 1109 in
974 1076 1112 1110 summis
1130 1076 1326 1114 montibus,
1343 1087 1382 1110 ac
1394 1075 1489 1123 supra
1498 1075 1573 1110 illos
1584 1076 1807 1123 spii·antventi
1817 1075 1851 1111 in
1861 1077 2030 1111 trans'ver-
2064 1080 2066 1083 ’
2085 1079 2087 1095 ²

316 1123 482 1168 suinae'ci3
508 1123 670 1159 &tamen
680 1123 808 1158 ibinon
819 1123 895 1158 sunt
904 1123 1139 1159 exhalationes
1149 1123 1240 1159 rasta
1250 1124 1411 1158 deorsum
1432 1123 2030 1164 ruentes,&abOccurrentibusaliis
2076 1135 2087 1169 ἢ

315 1173 507 1220 impeditae,
524 1172 602 1219 quia
611 1172 886 1206 deberentruere
895 1183 937 1206 ex
948 1171 1102 1220 suprema
1118 1172 1202 1207 aeris
1219 1173 1363 1219 regione
1375 1195 1386 1212 ,
1420 1172 1479 1207 ubi
1487 1182 1604 1208 tamen
1621 1184 1693 1207 non
1710 1171 1849 1220 possunt
1858 1172 2029 1221 generari.
2073 1174 2087 1216 ,l

314 1222 479 1256 Secundo
488 1243 497 1260 ,
508 1220 587 1267 quia
597 1220 616 1254 si
627 1220 864 1255 exhalationes
875 1219 949 1255 sunt
959 1221 1047 1255 adeo
1056 1232 1186 1268 graves,
1195 1230 1232 1255 ut
1242 1229 1371 1256 tantam
1383 1222 1487 1256 edere
1495 1219 1775 1269 possintstragem
1785 1244 1796 1260 ,
1820 1222 1914 1256 certe
1933 1220 2032 1255 senti·
2074 1218 2087 1260 -l

314 1279 409 1304 retur
427 1268 559 1303 illarum
569 1269 718 1316 pondus,
736 1268 923 1303 &haberet
933 1268 1134 1303 densitatem
1143 1269 1314 1316 aliquamg
1341 1269 1423 1304 sicut
1433 1271 1541 1304 nubes
1551 1281 1624 1304 non
1641 1269 1715 1304 sunt
1724 1281 1863 1318 graves,
1881 1268 1940 1303 nisi
1949 1267 2033 1304 fiant
2072 1266 2087 1305 il

311 1319 414 1352 etiam
426 1318 547 1352 densae.
598 1318 890 1364 Accedit,aquam
903 1317 1015 1352 multo
1032 1317 1227 1365 graviorem
1239 1316 1322 1356 esse,
1341 1317 1443 1364 quam
1462 1318 1715 1353 exhalationem
1735 1331 1747 1363 ς
1771 1317 1807 1354 ὅ(
1820 1328 1939 1353 tamen
1958 1328 2033 1352 non
2073 1319 2087 1363 ᾗ

310 1367 378 1401 ruit
395 1378 475 1401 cum
486 1375 583 1400 tanto
595 1366 738 1413 impetu.
796 1366 957 1413 Denique
965 1376 1088 1401 ventus
1098 1365 1251 1400 turbines
1262 1366 1296 1399 in
1306 1375 1393 1400 terra
1403 1365 1493 1406 facit,
1503 1366 1629 1401 sursum
1638 1367 1773 1414 rapiens
1781 1365 1971 1414 pulverem:
1980 1376 2032 1400 er-
2068 1376 2087 1410 y:

312 1427 358 1463 go
370 1426 442 1449 non
461 1414 507 1449 est
516 1415 650 1449 tantum
661 1412 833 1449 exhalatio
851 1417 978 1449 cadens
993 1414 1028 1448 in
1048 1424 1184 1451 teri-am.
1236 1414 1326 1449 Dico
1344 1417 1497 1455 tantum,
1512 1415 1609 1462 quia,
1633 1415 1730 1462 quod
1745 1412 2032 1462 pi·aedi&ajuvent
2068 1412 2087 1460 ff'i

313 1463 526 1511 quanquue
535 1465 725 1498 admotum
741 1462 923 1510 obliquum
934 1462 1104 1497 halituum
1114 1486 1123 1503 ,
1133 1462 1223 1497 ultro
1233 1462 1392 1500 admitto,
2068 1465 2069 1473 ¹

410 1558 599 1596 Conclusio
609 1557 739 1594 ofitava.
765 1559 844 1593 Nec
855 1557 921 1592 sola
931 1557 1120 1598 rarefaffiO,
1128 1568 1186 1592 aut
1202 1558 1427 1593 condensatio
1441 1558 1676 1594 aerisacalore
1691 1559 1746 1595 vel
1761 1559 1888 1608 frigore
1896 1558 2029 1594 causata
2063 1556 2064 1563 ¹

310 1619 458 1645 ventum
474 1608 599 1642 excitat
615 1620 626 1652 3
651 1608 952 1654 quemadmodum
972 1607 1083 1642 voluit
1106 1606 1249 1645 Averfia,
1276 1607 1334 1653 qui
1355 1608 1398 1642 sic
1411 1607 1731 1654 philosophabatur,
1755 1609 1896 1655 quando
1913 1605 2028 1642 rai-efit

314 1657 426 1692 subito
435 1668 559 1704 magna
569 1656 749 1703 parsa'e'r-is,
768 1655 1211 1703 nece-{lariopropellit-<inte
1229 1655 1259 1689 se
1273 1656 1377 1689 alium
1395 1667 1510 1690 aerem
1525 1678 1536 1695 ,
1559 1656 1594 1692 &
1611 1655 1786 1691 hicrursus
1795 1656 1898 1690 alium
1913 1678 1923 1694 ,
1941 1655 2032 1690 &ita
2062 1663 2063 1702 J

310 1715 436 1741 ventus
451 1705 636 1749 excitatur3
662 1703 809 1738 similiter
817 1705 958 1751 quando
969 1704 1200 1739 condensatur
1209 1715 1333 1751 magna
1342 1715 1416 1750 pars
1425 1704 1520 1743 aeris,
1530 1705 1634 1739 debet
1643 1702 1828 1739 necessario
1837 1704 1946 1739 statim
1957 1703 2029 1738 suc-

314 1756 440 1790 cedere
448 1753 532 1787 alius
541 1757 615 1792 ae‘r,
631 1752 666 1788 <Sc
677 1752 719 1787 sic
730 1752 855 1799 pariter
864 1752 1018 1787 causatur
1026 1762 1163 1788 ventus.
1216 1752 1316 1786 Ratio
1327 1752 1411 1786 vero
1423 1752 1653 1787 conclusionis
1666 1753 1729 1790 est,
1751 1752 1830 1800 quia
1839 1753 1859 1787 si
1868 1753 1942 1787 haec
1951 1750 2032 1787 eslet
2060 1768 2063 1773 ·

312 1803 488 1849 adaequata
497 1800 594 1836 causa
603 1800 762 1835 omnium
771 1811 971 1840 ventorum,
981 1800 1177 1847 sequeretur
1188 1800 1353 1839 omnin0,
1374 1810 1412 1834 ut
1427 1801 1561 1847 optime
1578 1800 1612 1835 P.
1633 1802 1685 1836 De
1703 1801 1848 1835 Rhodes
1859 1800 2031 1840 observat,
2060 1798 2062 1840 J
2084 1823 2085 1826 =

316 1853 413 1898 quod
423 1849 603 1897 pauciores
611 1847 718 1884 essent
726 1848 820 1883 venti
829 1858 999 1883 autumno
1010 1849 1044 1884 ὅ(
1055 1860 1147 1888 vere,
1166 1851 1270 1895 quam
1287 1848 1398 1883 aestate
1409 1848 1443 1884 ὅ(
1453 1850 1579 1896 hyeme
1590 1872 1599 1887 ,
1623 1849 1701 1896 quia
1710 1850 1825 1883 minor
1833 1858 1918 1884 tunc
1927 1848 1974 1883 est
1982 1859 2031 1884 ra·
2079 1862 2083 1865 ’

315 1898 457 1934 τείὲιᾶἰο
467 1921 476 1937 ,
486 1899 589 1945 quam
600 1897 760 1937 aestate,&
771 1898 886 1932 minor
895 1897 1133 1936 condensatio,
1143 1908 1247 1944 quam
1258 1898 1395 1943 hyeme.
1446 1898 1595 1932 Accedit
1604 1921 1612 1935 ,
1623 1899 1734 1945 quod,
1744 1899 1828 1932 dum
1837 1895 1950 1932 rarefit
1959 1902 2028 1937 ae'r,
2047 1903 2051 1907 '

313 1948 349 1982 iri
358 1958 502 1982 oinnein
511 1956 642 1994 partem
651 1947 874 1993 expandatur,
884 1948 979 1980 unde
986 1955 1112 1980 ventus
1121 1957 1194 1980 non
1204 1943 1296 1980 flabit
1307 1957 1460 1992 unquam
1470 1947 1510 1981 ab
1527 1957 1595 1981 una
1611 1946 1720 1981 solum
1743 1955 1839 1994 parte
1852 1947 1894 1981 ab
1902 1945 2027 1981 Austro
2048 1954 2062 1985 ᾗ,

314 1995 492 2035 nimirum,
501 1994 555 2030 vel
563 1993 759 2042 Aquilone3
776 1993 833 2029 sed
841 1993 1015 2042 aequaliter
1024 1995 1059 2029 in
1068 2005 1212 2029 omnem
1223 2003 1365 2041 partem.

417 2093 606 2132 Conclufio
616 2104 721 2130 nona.
747 2091 875 2126 Relatis
882 2090 1027 2125 aliorum
1039 2087 1212 2123 sententiis
1225 2087 1412 2122 dicendum
1423 2086 1525 2135 igitur
1534 2084 1580 2120 est
1589 2083 1751 2119 :Causam
1761 2084 2031 2132 detorquentem
2056 2115 2058 2117 .

318 2142 690 2189 halitusinobliquum,
705 2152 744 2175 ac
757 2151 883 2175 ventos
895 2137 1104 2175 efficientem
1116 2148 1188 2170 non
1197 2134 1263 2170 effe
1272 2147 1375 2170 unam
1386 2135 1531 2183 semper,
1548 2133 1603 2168 sed
1619 2133 1803 2180 aliquando
1820 2132 1909 2167 illam
1919 2156 1929 2172 ,
1952 2133 2031 2169 alias
2056 2157 2066 2175 3,

317 2193 428 2232 aliam,
441 2191 655 2239 frequentius
664 2199 782 2224 tamen
792 2188 826 2224 ὅ(
837 2186 1057 2224 universalius
1066 2183 1132 2219 esse
1142 2194 1217 2219 tum
1227 2183 1491 2219 raresaffilionem
1502 2182 1536 2218 ὅ(
1547 2180 1855 2217 condenlationem
1864 2205 1874 2220 ,
1884 2192 1958 2216 turri
1970 2182 2031 2216 im.
2058 2221 2059 2224 Ἴ

314 2253 447 2291 petum,
456 2250 494 2275 ut
501 2238 699 2275 communis
708 2237 1018 2284 Peripateticorum
1028 2233 1148 2281 opinio
1158 2232 1402 2280 est311npetuin,
1411 2233 1563 2280 inquam,
1572 2230 1730 2265 halitibus
1741 2230 1758 2264 a
1768 2230 1894 2277 frigore
1904 2229 1939 2265 ὅ(
1947 2231 2032 2265 den·

316 2291 410 2327 fitate
427 2288 548 2324 mediae
557 2286 708 2336 regionis
717 2286 802 2320 aeris
812 2283 1019 2332 impressum,
1030 2283 1113 2317 dum
1125 2282 1217 2316 enim
1230 2281 1356 2315 halitus
1370 2281 1387 2315 a
1403 2280 1518 2316 calore
1534 2278 1621 2314 Solis
1636 2278 1801 2313 attenuati
1814 2278 1939 2312 sursum
1957 2289 2030 2314 ten·
2062 2279 2063 2282 ’

323 2340 422 2378 dunt,
431 2336 466 2372 ὅ(
475 2336 625 2371 mediam
633 2334 813 2383 regionem
823 2334 908 2368 aeris
916 2331 1074 2381 frigidam
1083 2330 1285 2377 ,vaporibus
1301 2329 1337 2364 ὃ(
1353 2329 1501 2364 nubibus
1517 2329 1677 2362 refertam
1695 2326 1899 2370 offendunt3
1925 2328 1966 2362 ab
1976 2326 2029 2362 illa
2061 2327 2064 2344 ¹

327 2397 491 2434 tanquam
502 2384 646 2419 inimico
655 2382 996 2431 valderepelluntur,
1009 2391 1102 2414 nunc
1110 2381 1151 2414 ad
1168 2379 1329 2413 obtusum
1346 2378 1490 2416 sursum,
1506 2385 1610 2424 prout
1625 2376 1789 2410 nimirum
1804 2373 1969 2423 figuratus
1985 2373 2032 2410 est

325 2446 445 2483 vapor,
453 2433 488 2469 ὅ(
498 2433 607 2468 nubes
616 2431 748 2480 frigida,
758 2443 860 2478 quam
870 2429 1066 2465 offendunt.
1118 2425 1228 2473 Cujus
1238 2426 1380 2461 ulterior
1388 2425 1473 2460 ratio
1482 2424 1539 2464 est,
1549 2424 1627 2472 quia
1635 2424 1715 2459 curn
1727 2425 1851 2458 horum
1862 2424 2030 2459 halituum

323 2483 465 2520 materia
474 2481 600 2522 sitlevis
610 2480 644 2516 ὅ(
652 2480 846 2519 aerea,hinc
853 2478 913 2514 ubi
921 2476 1105 2525 repellitur,
1113 2475 1204 2511 refika
1213 2473 1373 2509 deorsum
1383 2473 1592 2509 descendere
1608 2484 1680 2507 non
1691 2471 1819 2520 potest,
1834 2471 1889 2506 sed
1900 2472 1935 2506 in
1945 2472 2028 2507 obli-

325 2543 434 2581 quum
444 2532 671 2577 detorquetur
679 2529 724 2562 ob
733 2528 880 2562 mixtum
891 2536 1027 2561 motum
1042 2525 1237 2561 violentum
1253 2523 1288 2558 &
1306 2522 1496 2557 naturalem
1509 2543 1520 2561 ,
1541 2533 1644 2568 quam
1660 2521 1778 2555 motus
1791 2519 2029 2568 obliquitatem

325 2579 463 2627 adjuvat
472 2579 650 2614 fumorum
660 2588 750 2611 nova
759 2575 891 2611 soboles
901 2575 1073 2611 continuo
1083 2573 1288 2611 ascendens,
1304 2570 1339 2606 ὃ(
1348 2571 1478 2618 priores
1486 2569 1721 2605 exhalationes
1730 2568 1920 2615 impellens.
1936 2569 2028 2605 Hinc
2060 2572 2061 2614 l

323 2639 393 2666 tam
401 2628 482 2664 varii
491 2626 676 2675 exsurgunt
685 2634 801 2659 motus
810 2634 1017 2667 ventorum;
1042 2632 1080 2657 ut
1090 2621 1275 2669 aliquando
1287 2620 1321 2654 in
1331 2619 1463 2654 sublimi
1471 2618 1505 2653 in
1514 2618 1621 2653 nubes
1631 2617 1874 2656 dominentur,
1890 2618 1971 2652 curn
1979 2627 2026 2653 ta-

325 2689 408 2713 men
418 2677 508 2725 apud
518 2686 582 2710 nos
590 2674 707 2709 omnia
716 2672 777 2708 sint
785 2671 966 2721 tranquilla
982 2684 994 2717 3
1021 2670 1206 2719 aliquando
1221 2668 1383 2704 inferiora
1399 2667 1523 2715 {iisque
1531 2667 1646 2713 deque
1659 2674 1806 2706 vertant,
1823 2665 1905 2701 curn
1913 2675 2029 2701 tamen
2043 2710 2048 2712 ῃ

322 2726 492 2774 superiora
506 2721 687 2772 tranquilla
702 2721 774 2757 sint.

421 2821 601 2857 Sententia
610 2820 654 2855 de
669 2817 911 2857 rarefaffione,
926 2828 1003 2865 quae
1014 2813 1206 2851 mihivalde
1215 2813 1358 2852 arridet,
1384 2811 1521 2859 probari
1535 2811 1570 2847 ὅ(
1586 2809 1744 2858 explicari
1762 2810 1900 2845 duobus
1913 2821 2029 2846 exem·

328 2871 390 2919 plis
404 2869 525 2918 potest.
576 2868 730 2904 Primum
744 2867 884 2914 vulgare
898 2866 945 2901 est
961 2868 1004 2900 de
1017 2863 1201 2900 tormentis
1215 2862 1334 2900 aeneis,
1356 2861 1415 2896 ubi
1435 2860 1617 2896 conclusus
1631 2860 1717 2908 ignis
1733 2860 1857 2907 magn-'a
1869 2859 1903 2893 vi
1919 2859 2027 2899 exilit,

330 2919 450 2966 quiain
459 2917 662 2966 ampliorem
677 2914 816 2950 diffusus
829 2913 959 2949 molem
974 2937 984 2953 ,
1013 2924 1086 2948 non
1103 2911 1214 2960 potest
1229 2909 1372 2958 angusto
1389 2908 1494 2957 spatio
1509 2909 1602 2956 capi,
1619 2909 1714 2943 unde
1727 2917 1842 2942 totum
1857 2906 1952 2942 illum
1966 2907 2039 2942 fia*

327 2978 452 3016 gorem
463 2967 498 3002 ὅ(
506 2977 644 3001 motum
658 2965 759 3000 etiam
769 2962 995 2998 transversum
1006 2960 1111 2997 efficit
1118 2959 1296 2995 rarefact'io
1308 2958 1395 3006 ignis
1405 2959 1439 2992 in
1448 2957 1589 3005 spatium
1597 2956 1787 3004 appositum
1796 2955 1868 2990 tubi
1877 2954 2028 3001 orifici03

332 3026 415 3060 ergo
427 3013 673 3049 fiiniliterinclu
680 3012 708 3048 sa
717 3011 905 3050 exhalatio,
930 3010 983 3045 vel
993 3010 1122 3057 aquain
1140 3008 1294 3044 cavernis
1315 3017 1411 3041 terrae
1425 3029 1436 3045 ,
1461 3006 1482 3041 si
1498 3004 1632 3041 rai-efiat
1647 3016 1689 3039 ex
1702 3004 1851 3053 angustis
1864 3003 1929 3038 illis
1943 3003 2028 3053 locis

328 3053 650 3110 prodiens,moveri
661 3060 788 3110 poterit
795 3059 945 3107 oblique.
996 3058 1154 3093 Alterum
1164 3057 1277 3091 adhuc
1287 3054 1424 3090 similius*
1437 3052 1635 3101 exemplum
1659 3053 1761 3087 habet
1775 3052 1956 3088 Vitruvius
1969 3052 1990 3090 l.
2001 3063 2027 3093 1.

331 3124 362 3148 c.
377 3113 396 3145 6
423 3109 511 3145 fiunt
520 3111 611 3145 enim
626 3109 803 3158 Aeolipilae
819 3119 913 3143 aereae
929 3118 968 3142 ac
985 3118 1075 3141 cavae
1099 3119 1110 3150 3
1135 3106 1264 3140 habent
1279 3103 1341 3138 illae
1354 3103 1523 3151 punfi‘turn
1539 3098 1810 3151 angustissimum
1823 3124 1833 3141 ‚
1859 3112 1930 3148 quo
1943 3112 2041 3148 aqua=

329 3159 464 3195 insundi
472 3159 601 3207 potest,
627 3157 916 3205 collocanturque
930 3156 973 3192 ad
983 3155 1100 3204 ignem
1117 3167 1129 3200 3
1154 3153 1215 3188 illae
1232 3153 1327 3188 simul
1344 3151 1426 3187 cum
1435 3152 1569 3189 fervere
1583 3151 1778 3198 coeperint,
1805 3147 1962 3204 efficiunt
1979 3150 2025 3184 in-

1888 3207 2026 3246 gentem
