2087 3610
619 219 1188 292 Philosophico-Politica.
1697 239 1792 296 175

59 300 257 352 raAngliae2
270 298 451 339 Flandriae,
470 296 687 340 Hollandiae,
701 300 839 340 Galliae,
855 300 1027 347 Hispaniae
1039 322 1050 340 ,
1067 299 1246 335 Lusitaniae
1258 322 1271 340 ,
1285 299 1411 336 Afiicae
1426 323 1438 341 ,
1455 311 1531 349 quae
1553 301 1666 339 littora
1686 305 1788 352 respi-

4 344 5 353 ’
59 351 157 388 ciunt
169 348 388 385 occidentem
402 370 413 387 ,
430 346 480 382 est
492 348 665 382 maximus
683 348 799 388 aestus,
813 349 858 385 ita
868 358 907 384 ut
917 349 952 383 in
964 348 1136 384 littoribus
1149 347 1283 396 Angliae
1291 349 1426 384 dicatur
1438 361 1525 397 aqua
1534 349 1714 400 exsurgere
1724 364 1786 400 per

3 414 5 425 =
58 398 234 447 octoginta
241 396 389 432 cubitos.
441 395 480 429 In
493 394 665 430 littoribus
675 396 839 443 oppositis
849 396 1109 444 relpicientibus
1119 397 1294 432 orientem
1309 397 1400 432 circa
1411 397 1589 433 Mexicum
1599 399 1635 434 ἅ
1646 401 1786 436 Cubam

57 445 202 483 Insulam
219 445 276 479 vix
301 443 349 479 est
373 442 529 478 sensibilis
552 443 650 478 aestus
674 444 709 480 ὅ(
730 443 1006 480 intumescentia.
1056 444 1097 479 In
1112 445 1264 480 Oceano
1278 444 1424 491 pacifico
1439 445 1537 481 aestus
1557 446 1603 480 est
1619 447 1663 481 ita
1677 450 1782 484 vehe-

2 529 5 538 ,
55 505 174 534 menS,
191 501 229 528 ut
244 493 277 526 in
288 491 432 527 Peruvia
449 503 536 539 aqua
550 503 614 539 pro
626 492 793 527 ‘rediatur
808 492 844 527 in
860 493 1106 527 continentem
1123 504 1184 540 per
1199 493 1285 528 duas
1302 491 1427 530 leucas.
1480 493 1519 528 ln
1532 494 1683 529 Oceano
1694 497 1785 532 Indi-

56 555 102 580 co
116 541 225 578 fluxus
235 538 283 575 est
295 540 338 575 ita
346 550 560 588 magnus,ut
576 540 611 574 in
632 538 937 587 ittoreCambajae,
951 551 1028 587 quae
1037 541 1126 578 estin
1135 541 1292 576 faucibus
1309 541 1386 576 indi
1402 539 1571 582 fluminis,
1587 553 1682 578 mare
1696 545 1785 580 binis

54 589 196 628 horistri
223 589 293 624 inra
304 587 562 624 circiterleucas
580 590 735 637 obtegat.
789 589 894 624 unde
901 589 1063 624 homines
1075 600 1115 624 ea
1123 589 1328 636 pernicitate
1343 589 1427 637 saepe
1446 591 1549 624 undis
1563 592 1782 633 obruuntur,

57 639 94 676 ἀ
109 640 189 673 nec'
221 636 295 672 eest
303 635 450 680 cymbali
468 635 581 672 sonitu
613 647 806 672 raemonere
815 637 1045 677 viciniam,ut
1053 638 1218 672 veniente
1231 638 1334 677 mari,
1348 639 1496 686 quisque
1513 639 1547 673 in
1565 648 1726 687 tempore
1743 640 1782 675 li-

54 687 88 724 bi
173 684 265 721 lul-at.
315 685 396 720 Nec
413 695 517 720 naves
526 696 573 732 po
602 696 663 720 ent
670 685 955 726 ibicommorari,
974 685 1034 721 nili
1043 685 1359 724 haberentlacunas
1366 687 1411 722 ad
1420 697 1500 722 eum
1510 687 1608 722 usum
1622 687 1782 729 defossas,

51 734 142 783 inqu
179 744 219 768 us
233 733 320 768 mari
335 734 487 769 abeunte
504 732 704 769 consistunt.

143 780 334 821 Conclusio
352 781 484 829 quinta.
541 781 631 818 Non
646 782 776 817 eodem
792 781 922 830 ubique
935 781 1104 830 temporis
1119 780 1227 830 spatio
1244 781 1342 819 cestus
1358 781 1544 830 perficitur,
1596 782 1696 819 Patet
1710 783 1784 821 hoc

46 830 90 868 ab
103 827 320 878 inductione,
329 841 410 865 nam
419 828 609 866 Garumnae
617 829 734 866 fauces
742 831 779 866 in
789 829 906 866 littore
913 830 1127 878 Aquitanico
1138 830 1285 879 septenis
1296 832 1392 866 horis
1413 832 1498 867 subit
1506 832 1690 872 Oceanus,
1705 833 1782 879 qui-

47 878 101 917 nis
117 878 254 927 refugit.
305 878 411 926 Juxta
425 875 572 913 fluvium
581 878 721 928 nigrum
730 879 764 915 in
775 877 914 914 Guinea
922 888 1178 926 marequatuor
1186 880 1282 914 horis
1291 880 1416 919 affluit,
1425 879 1563 915 ononis
1573 878 1698 915 refluit.
1715 881 1783 916 Eu-

47 927 137 976 ripus
146 923 272 975 “septies
279 927 338 962 die
346 925 504 975 quolibet
511 924 589 962 fluit
598 926 635 963 ὅ(
646 925 764 963 refluit
771 949 781 967 ,
789 926 870 963 licet
878 927 949 963 hoc
957 927 976 962 a
985 927 1163 962 nonnullis
1172 937 1330 976 negetur.
1382 929 1437 963 Ad
1447 928 1522 963 Indi
1533 926 1578 962 flu
1584 929 1685 963 minis
1706 931 1781 964 tau-

49 986 121 1016 ces,
130 985 168 1010 ut
177 973 310 1011 clidium
320 974 378 1015 est,
388 975 424 1010 in
432 974 548 1010 littore
556 973 731 1026 Cambajae
742 987 837 1011 mare
846 976 934 1011 binis
942 976 1037 1011 horis
1044 975 1183 1024 triginta
1198 975 1336 1012 circiter
1350 976 1405 1012 leu
1411 987 1466 1012 cas
1481 975 1613 1012 accessu
1635 979 1718 1013 obte
1745 978 1781 1019 it,

47 1023 84 1061 ἁ
95 1023 183 1060 binis
193 1024 342 1059 totidem
352 1022 481 1059 recessu
489 1023 634 1073 detegit,
684 1023 771 1059 Aliis
782 1024 818 1060 in
827 1022 914 1059 locis
927 1024 1130 1060 communis
1137 1024 1256 1073 regula
1264 1023 1329 1065 est,
1338 1025 1434 1073 quod
1446 1036 1542 1060 mare
1551 1026 1605 1060 sex
1613 1025 1709 1061 horis
1743 1038 1782 1063 u.

45 1081 96 1113 tt,
108 1070 235 1120 sexque
243 1070 315 1107 aliis
324 1072 420 1107 horis
431 1069 565 1111 refluat,

139 1120 330 1169 Colligitur
337 1119 538 1160 hic,aestum
548 1120 643 1155 hunc
650 1120 753 1155 maris
769 1119 942 1168 triplicem
964 1121 1092 1156 habere
1104 1120 1308 1168 periodum,
1323 1121 1500 1161 diurnam,
1514 1121 1725 1157 menstruam
1740 1121 1779 1160 r&

46 1179 208 1206 mnuam.
261 1169 395 1205 Diurna
401 1167 476 1204 talis
486 1168 550 1209 est,
561 1178 601 1203 ut
608 1179 795 1216 apparente
803 1167 905 1204 Luna
914 1168 1009 1217 supra
1019 1169 1242 1205 horizontem
1259 1181 1355 1205 mare
1370 1169 1511 1217 incipiat
1527 1170 1777 1213 intumescere,

38 1215 268 1254 &attollente
275 1217 307 1253 se
315 1216 416 1253 Luna
426 1217 530 1252 etiam
542 1228 630 1264 aqua
637 1217 833 1257 attollatur,
849 1219 967 1253 donec
985 1218 1061 1253 haec
1097 1218 1252 1254 erveniat
1267 1220 1310 1254 ad
1326 1219 1559 1254 meridianum
1575 1218 1658 1254 coeli
1673 1219 1777 1255 verti-

41 1275 139 1312 πως
152 1275 239 1302 tunc
251 1266 337 1302 vero
351 1263 431 1301 toto
441 1267 484 1301 ad
493 1266 719 1301 horizontem
728 1267 920 1302 occiduum
936 1265 1061 1302 descen
1077 1279 1097 1301 u
1114 1266 1237 1302 refidet
1249 1290 1259 1306 ,
1275 1268 1320 1302 ad
1334 1278 1440 1314 quem
1459 1266 1542 1302 cum
1558 1268 1773 1315 pervenerit,

42 1312 166 1351 iterum
176 1314 373 1350 intumescit
384 1325 497 1354 mare,
511 1314 743 1363 quoadusque
751 1313 852 1349 Luna
871 1314 1040 1363 punitum
1053 1315 1176 1350 mediae
1184 1315 1298 1351 noffis
1314 1315 1483 1364 attigerit,
1495 1315 1541 1350 ibi
1558 1315 1652 1350 enim
1669 1317 1771 1351 detu-

41 1361 178 1403 mescit,
218 1362 376 1411 uouscjue
394 1362 482 1398 lidus
496 1364 540 1398 ad
549 1372 667 1398 ortum
676 1363 708 1398 se
715 1363 904 1398 reduxerit.
957 1363 1096 1399 Deinde
1105 1375 1174 1399 una
1183 1365 1256 1399 fere
1265 1364 1351 1399 hora
1360 1363 1496 1412 nugulis
1506 1361 1628 1399 diebus
1643 1364 1774 1401 tardius

40 1410 190 1460 incipitae
221 1422 260 1446 us
269 1433 280 1451 ,
293 1411 374 1459 quia
385 1410 487 1446 Luna
495 1412 536 1446 ab
546 1409 670 1447 occasu
681 1411 717 1446 in
728 1421 844 1447 ortum
855 1411 987 1460 integra
1002 1413 1093 1459 pene
1100 1413 1187 1447 hora
1197 1411 1334 1461 fingulis
1348 1412 1470 1447 diebus
1478 1412 1680 1451 retardatur,
1707 1411 1772 1448 Pe.

41 1459 158 1496 riodus
172 1458 349 1496 menstrua
363 1458 512 1495 conlistit
522 1459 556 1494 in
573 1459 982 1500 hoc,utintumescentia
997 1471 1070 1495 non
1079 1459 1211 1508 semper
1227 1460 1265 1496 lit
1278 1460 1415 1508 aequalis
1425 1483 1435 1500 ,
1446 1460 1503 1495 sed
1519 1461 1556 1495 in
1571 1459 1772 1503 noviluniis,

42 1507 79 1544 ἀ
90 1507 288 1556 pleniluniis
305 1507 343 1543 sit
359 1508 523 1547 maxima,
538 1508 669 1543 deinde
684 1508 825 1556 incipiat
838 1509 1038 1544 decrescere
1051 1530 1061 1548 ,
1076 1509 1121 1544 ita
1132 1518 1172 1544 ut
1193 1508 1229 1543 in
1249 1509 1483 1552 quadraturis,
1500 1519 1582 1544 cum
1605 1509 1772 1545 nimirum

42 1555 141 1593 Luna
156 1556 256 1592 distat
270 1557 290 1592 a
300 1555 383 1591 Sole
397 1568 460 1605 per
475 1566 631 1604 quartam
645 1565 778 1604 partem
795 1556 896 1596 coeli,
911 1557 948 1592 iit
964 1557 1107 1592 minima
1121 1556 1386 1593 intumescentia
1403 1569 1444 1592 ac
1457 1557 1550 1605 pene
1563 1556 1773 1598 insensibilis.

41 1603 208 1641 Periodus
216 1606 360 1641 demum
375 1616 490 1640 annua
503 1603 653 1640 consistit
665 1605 701 1639 in
717 1605 789 1640 hoc
798 1627 809 1644 ,
827 1615 865 1640 ut
883 1606 1022 1641 duobus
1038 1603 1255 1653 aequinoffiis
1269 1604 1536 1642 intumescentia
1549 1605 1588 1642 fit
1601 1606 1773 1649 maxima,

43 1653 169 1691 deinde
183 1653 324 1703 incipiat
344 1652 560 1694 decrescere,
576 1653 622 1688 ita
632 1653 713 1689 utin
727 1652 871 1689 solstitiis
887 1653 926 1690 sit
938 1654 1095 1690 minima.

307 1746 904 1815 CONCLUSIO
1006 1748 1516 1816 POLITICA.

141 1829 512 1902 Abdicanda
534 1829 670 1900 sunt
689 1830 890 1915 bona,
911 1856 1052 1926 quae
1071 1832 1349 1901 animum
1367 1830 1659 1927 perdunt.

121 1964 211 2001 Iberi
225 1964 296 2000 nati
322 1963 437 2000 sumus
450 1986 461 2004 ,
480 1963 518 2000 ὅ(
531 1963 671 2000 vincula
691 1975 859 2002 amamus,
909 1960 1145 2004 possidemus,
1166 1964 1202 2001 ὅ(
1217 1961 1454 2012 possidemur:
1470 1976 1550 2001 nam
1568 1964 1682 2002 servus
1695 1964 1763 2009 est,

39 1972 188 2076 Lqui
203 2013 400 2062 cupiditatis
415 2012 479 2048 suae
496 2013 676 2049 Dominus
690 2025 764 2048 non
779 2012 837 2048 est.
888 2012 1020 2050 Labem
1040 2025 1198 2061 purpurae
1212 2012 1423 2061 asperserunt
1435 2013 1546 2050 Persei
1568 2014 1605 2050 ὅ(
1627 2013 1766 2057 Galbae,

121 2060 235 2110 Sejani
252 2060 446 2102 &Rufi-ini,
463 2061 663 2109 Eutropii&
673 2060 891 2107 Pertinaces;
907 2061 987 2109 quia
997 2061 1078 2097 cum
1094 2060 1203 2098 effcnt
1217 2062 1310 2098 orbis
1322 2062 1484 2103 Domini,
1501 2063 1678 2110 cupiditati
1696 2063 1762 2099 ser-

37 2109 184 2148 vierunt.
239 2114 434 2158 Acceptare
448 2111 650 2157 pecuniam,
664 2109 839 2146 &violare
849 2108 1015 2158 justitiam
1032 2124 1041 2145 :
1057 2122 1179 2145 manus
1196 2110 1342 2158 implere
1351 2123 1452 2151 auro,
1466 2110 1503 2147 &
1518 2112 1682 2147 virtutem
1698 2111 1760 2147 eli-

37 2159 311 2199 minareanimo,
331 2159 422 2194 estin
439 2158 541 2207 seipso
552 2169 726 2207 raptorem
745 2170 858 2207 agere.
907 2158 1024 2206 Spolia
1040 2158 1257 2207 quisuscipit,
1277 2159 1335 2195 fibi
1350 2159 1397 2195 est
1406 2160 1539 2195 virtutis
1555 2160 1685 2207 praedo.
1711 2162 1759 2197 A·

37 2205 113 2244 liter
121 2207 302 2244 Romanus
317 2209 397 2244 Dux
411 2208 544 2255 Scipio:
557 2206 808 2255 Carthaginem
825 2205 1117 2247 vinorinveetus,
1134 2206 1259 2243 mnnita
1274 2208 1412 2244 urbibus
1420 2207 1694 2249 Italiae,Africae‚
1707 2209 1757 2244 Si·
1766 2211 1835 2245 Ln'v.
1846 2211 1919 2252 Dee.

43 2255 198 2304 ciliaeque
208 2256 310 2305 spolia
324 2256 490 2295 reddidit,
506 2267 583 2304 quae
597 2255 684 2292 olim
701 2255 990 2305 Carthaginenses
1010 2255 1192 2302 sustulere;
1206 2256 1291 2291 nihil
1306 2256 1364 2292 (ibi
1379 2255 1539 2297 servavit,
1555 2258 1625 2292 nei
1654 2257 1686 2292 le
1699 2256 1820 2299 fiat3.l.
1831 2271 1870 2300 ιο.

38 2302 196 2352 spolium.
245 2304 301 2341 Sic
315 2305 375 2352 qui
391 2304 496 2340 vitam
506 2314 625 2340 amant
635 2328 645 2346 ,
659 2315 793 2340 merces
802 2305 837 2339 in
847 2302 1109 2351 mareejiciunt,
1118 2305 1226 2353 neipsi
1235 2305 1490 2341 absorbeantur.
1542 2305 1622 2341 Mer
1636 2316 1754 2341 amer-

39 2353 128 2389 cium
145 2353 302 2402 pondere
312 2353 462 2402 navigia,
478 2364 522 2388 ne
531 2353 642 2389 inima
656 2352 883 2393 descendant,
891 2363 951 2389 aut
965 2354 1000 2388 in
1009 2352 1169 2400 scopulos
1182 2352 1421 2390 a&ave&ores
1434 2353 1536 2390 maris
1543 2354 1697 2402 rapinam
1706 2354 1755 2390 fa-

39 2400 138 2442 ciant,
147 2402 369 2437 exoneranda
379 2401 472 2446 sunt3
482 2401 671 2455 quolevius
681 2399 805 2437 fluetus
815 2410 973 2448 premant
981 2423 991 2441 ,
1001 2412 1045 2436 ne
1056 2401 1264 2449 opprimant.
1287 2401 1460 2438 Venores
1469 2413 1514 2438 ne
1522 2412 1682 2450 pereant,
1694 2413 1758 2451 pe—

38 2459 132 2486 tunt
145 2460 278 2486 merces
293 2463 301 2484 :
324 2449 468 2485 Divitias
485 2452 527 2484 {ic
544 2452 691 2496 perdere
702 2471 713 2489 ,
730 2448 866 2484 lucrum
881 2448 939 2485 est.
989 2450 1210 2485 Amittuntur
1223 2451 1316 2486 bona
1328 2472 1339 2491 ‚
1355 2460 1395 2486 ut
1410 2451 1562 2487 servetur
1576 2451 1653 2490 vita.
1704 2451 1756 2486 Ut

38 2497 106 2534 vita
113 2497 262 2534 servetur
276 2497 403 2537 animi,
417 2508 462 2532 ne
473 2497 506 2532 in
517 2496 677 2545 scopulos
686 2497 722 2534 ὅ(
735 2507 905 2546 praerupta
918 2495 1127 2547 flagitiorum
1139 2508 1331 2548 mergatur,
1346 2500 1526 2547 perdatur,
1540 2500 1637 2547 quod
1652 2509 1755 2535 men-

38 2553 108 2582 tem
115 2556 246 2596 gravat,
255 2557 314 2582 aut
321 2546 448 2582 famam
458 2546 579 2594 nigrat.
629 2549 769 2595 Diogenes
778 2558 830 2594 per
844 2546 956 2580 medias
967 2546 1174 2582 Alacedonum
1181 2560 1278 2596 gazas
1296 2547 1394 2582 nudus
1409 2547 1513 2592 inceffie
1531 2549 1648 2582 calcatis
1667 2551 1752 2596 regis's

37 2592 140 2642 φύειν.
187 2598 329 2630 Emn'nere
345 2596 422 2639 visus
438 2592 473 2638 est
492 2617 502 2634 ,
524 2595 608 2640 infra
627 2607 715 2641 quem
739 2599 840 2628 omm'ae
848 2592 999 2642 jacebant,
1054 2597 1160 2630 Multo
1178 2601 1318 2643 potentior
1336 2618 1347 2637 ,
1371 2598 1462 2630 multo
1485 2597 1646 2643 [οι-κρίσεών
1659 2597 1725 2641 fuit
1739 2594 1913 2636 ,Senecaeffl

38 2646 136 2678 mia
147 2654 218 2678 tnnc
225 2643 372 2690 poffldente
384 2642 568 2678 Alexandro.
633 2645 702 2678 Plus
722 2648 802 2677 em'm
816 2654 880 2677 erae
894 2666 905 2683 ,
928 2642 1008 2690 quod
1019 2642 1068 2678 hic
1080 2645 1164 2678 nollet
1175 2649 1303 2692 acci‘pere
1319 2667 1330 2685 ‚
1353 2657 1448 2692 quam
1459 2644 1538 2692 quod
1550 2645 1603 2678 ille.
1608 2644 1689 2692 poffet
1696 2645 1795 2679 da-de
1801 2643 1901 2692 benef.

38 2701 79 2727 n.
123 2692 268 2741 Expedit
282 2701 341 2727 aut
356 2693 502 2738 perdere
515 2691 654 2728 modica
667 2702 746 2732 ,aut
757 2703 860 2739 parva
877 2691 1008 2740 elargiri
1023 2705 1034 2737 3
1047 2704 1151 2740 quam
1171 2694 1269 2741 quod
1284 2693 1474 2730 maximum
1491 2691 1538 2728 est
1553 2714 1564 2732 ‚
1580 2693 1752 2728 amittere.
1785 2705 1812 2729 c.
1821 2704 1857 2732 4.

40 2737 128 2777 Nihil
138 2741 261 2776 melius
281 2740 355 2775 viro
370 2741 486 2779 bono,
500 2740 643 2775 virtute:
659 2740 741 2775 nihil
753 2740 933 2787 pretiolitis
941 2741 1016 2775 viro
1019 2739 1131 2788 justo,
1148 2742 1286 2782 animo,
1297 2741 1382 2778 nihil
1397 2741 1534 2778 charius
1547 2741 1622 2776 viro
1637 2742 1750 2777 hone-

41 2784 103 2830 sto,
116 2790 214 2827 fama,
265 2789 353 2824 Haec
367 2800 412 2824 ne
427 2789 549 2836 perdas
564 2811 574 2828 ,
588 2798 732 2837 pereant
745 2788 874 2836 reliqua
896 2802 904 2824 :
926 2789 1062 2825 minora
1073 2790 1149 2826 haec
1170 2789 1247 2826 sunt
1262 2789 1334 2826 illis.
1383 2789 1503 2838 Turpe
1525 2788 1571 2825 est
1585 2812 1595 2830 ‚
1611 2790 1751 2825 exuvias
1763 2796 1882 2831 platin

40 2846 204 2885 quaerere,
219 2836 255 2873 ὃ(
266 2838 421 2872 animum
437 2838 612 2874 occidere.
664 2837 812 2872 infames
832 2838 907 2873 sunt
923 2839 1097 2874 manubiae
1110 2860 1121 2879 ,
1144 2850 1221 2887 quae
1243 2838 1387 2887 spoliant
1401 2839 1537 2875 virtute.
1590 2837 1748 2873 Centum
1758 2843 1891 2892 apophth.

37 2883 156 2921 talenta
173 2886 359 2921 Alexandri
374 2885 519 2920 nomine
529 2885 704 2922 Phocioni
717 2885 831 2921 oblata
850 2885 942 2926 sunt,
958 2886 1039 2934 quia
1052 2886 1411 2924 solusAthenienfium
1429 2888 1558 2934 probus
1572 2886 1750 2922 videretur
1759 2892 1875 2941 Κεφά-

39 2930 242 2982 &optimus
292 2935 359 2970 Sed
376 2934 455 2981 quia
470 2934 624 2982 optimus
642 2944 713 2970 erar
723 2957 734 2974 ,
749 2935 842 2970 bona
856 2935 975 2979 rejecit
986 2957 997 2975 ,
1020 2946 1067 2971 ne
1079 2934 1182 2972 cesset
1196 2935 1263 2972 esse
1278 2936 1430 2984 optimus
1443 2948 1454 2980 3
1470 2935 1552 2970 curn
1569 2934 1747 2983 suscipien-
1759 2946 1861 2976 Prtnc.

39 2980 240 3022 dedivitias,
256 2982 292 3018 in
308 2983 388 3018 vitia
402 2982 509 3031 lapsus
527 2983 688 3018 virtutem
705 2981 857 3018 exuisset.
917 2983 1001 3031 Qo
1019 2984 1095 3032 quis
1109 2984 1185 3032 plus
1200 2985 1305 3020 habet
1320 2984 1415 3023 auri,
1431 2983 1546 3018 minus
1562 2984 1666 3019 habet
1679 2984 1745 3019 vir·
1763 2989 1912 3037 J0.Boter‚'

39 3029 136 3070 tutis,
150 3031 286 3066 dicebat
294 3030 446 3078 Rupellae
456 3031 627 3066 Marchio.
678 3030 900 3067 Gloriabatur
915 3035 959 3068 de
966 3032 1126 3069 Africana
1139 3033 1281 3070 vinitoria
1295 3033 1448 3068 tumidus
1458 3031 1564 3079 Sylla,
1578 3032 1658 3079 quia
1671 3032 1907 3076 ma-I,1‚dmor.

39 3076 160 3125 gnifica
173 3091 234 3134 per
250 3080 372 3115 orbem
389 3079 560 3117 increbuit
580 3079 681 3118 fama.
732 3081 780 3115 At
794 3080 934 3127 quidam
944 3081 1153 3117 honestioris
1170 3082 1302 3117 ordinis
1317 3092 1397 3116 eum
1407 3081 1517 3129 arguit
1531 3081 1576 3116 de
1592 3081 1742 3120 infamia,
1753 3091 1848 3122 w’ror.
1870 3086 1908 3119 il·

39 3125 117 3173 quia
126 3138 290 3176 majorem
298 3127 422 3162 divitiis
431 3128 767 3175 perdiditvirtutem,
777 3128 981 3176 accipiendo
997 3128 1108 3177 spolia.
1171 3133 1312 3179 Quam
1325 3127 1411 3163 modi>
1423 3135 1474 3163 w'r
1486 3127 1576 3163 bonus
1589 3129 1637 3176 effe
1652 3140 1743 3177 potes,
1754 3133 1834 3179 lustr.

38 3175 161 3221 quic-im
169 3174 363 3213 „iudaeam
369 3174 624 3223 nitrefflumſst,
635 3187 675 3212 tot
681 3189 717 3212 ac
725 3188 808 3212 tanta
816 3177 968 3228 pffdeas5
982 3177 1119 3216 Placeat
1131 3180 1279 3226 proinde
1288 3177 1593 3226 AdolphiCaesaris
1602 3177 1743 3232 familia-
1754 3185 1830 3218 Plut.
1850 3186 1886 3233 fn·

545 3236 547 3238 '
1701 3234 1836 3281 r¹⁵.5)llae.
