2087 3610
317 239 389 304 96
995 240 1358 312 Meteorologia

838 356 1375 438 QUAESTm
1420 359 1551 423 vn.

495 462 575 514 De
593 457 800 533 reliquis
820 460 1232 535 proprietatibus,
1253 459 1418 533 efficia
1441 467 1509 525 ξς
1527 465 1654 538 figm'
1690 468 1878 514 catione

1111 545 1281 600 Iridis.

456 703 557 737 unius
574 700 699 736 horarii
709 701 877 747 milliaris;
902 702 1047 737 altitudo
1058 705 1141 737 vero
1153 702 1224 749 ejus
1234 705 1347 738 :iterra
1358 703 1405 738 est
1417 704 1489 739 fere
1498 706 1600 740 unius
1610 705 1742 739 dimidii
1756 704 1907 739 milliaris
1934 725 1946 742 ,
1971 702 2052 750 quia
2075 719 2086 751 Ἦ

454 751 509 786 vix
519 750 601 785 solet
609 750 708 785 altior
715 749 781 785 esse
791 750 862 789 iris,
877 752 981 798 quam
990 752 1124 786 initium
1137 753 1258 787 mediae
1267 753 1419 800 regionis
1428 753 1527 787 aeris.
1580 751 1771 788 Pater-vere>
1784 750 2046 788 Maurusstatuit
2075 756 2087 784 l:

454 798 672 834 altitudinem
682 799 778 833 Iridis
787 797 854 834 esse
861 800 1030 846 graduum
1039 811 1090 845 45.
1100 809 1137 834 ut
1153 800 1184 834 se
1199 805 1391 846 quadrante
1406 801 1671 848 deprehendisse
1687 800 1807 836 asserit.
1859 800 2047 836 Rationem
2075 789 2087 833 l(

314 845 420 880 tradit
429 846 580 882 Cabelus
588 846 608 881 l.
622 858 646 892 3.
655 856 723 884 tex0
732 859 778 889 25.
788 847 902 894 quaest.
913 859 933 882 ι.
945 860 1020 895 quae
1030 848 1256 895 potestvideri
1266 850 1357 896 apud
1367 848 1489 896 ipsum,
1539 851 1589 884 Ex
1599 862 1671 897 quo
1680 849 1842 888 deducit,
1850 848 1947 896 quod
1955 870 1967 887 ·‚
1978 857 2049 894 quo
2074 855 2087 883 lu*

312 895 487 930 remotior
495 897 535 930 ab
545 895 650 930 oculo
659 895 822 930 estnubes
832 897 956 936 rorida,
973 898 1006 931 in
1018 909 1084 943 qua
1095 897 1343 937 immaturius,
1370 909 1414 932 eo
1425 898 1485 932 Itis
1502 897 1539 932 sit
1551 898 1661 945 major
1676 897 1712 933 ὅ(
1735 909 1811 945 pars
1828 895 1970 943 majoris
1985 895 2049 930 cir·
2074 908 2087 930 ἰ

319 651 616 801 COnclufio
624 652 745 701 prima.
795 652 959 689 Maximae
967 653 1065 689 Iridis
1074 653 1221 690 latitudo
1233 655 1300 690 five
1309 654 1478 691 diameter
1494 655 1680 704 aliquando
1697 655 1745 691 est
1758 678 1769 695 ‚
1795 655 1851 690 sed
1858 654 1958 691 valde
1973 653 2051 689 raro

317 942 401 979 culi.
454 944 554 978 Ratio
570 943 641 983 est,
667 944 747 990 quia
761 955 804 979 ex
823 946 960 979 duobus
990 945 1225 985 semicirculis,
1251 957 1403 992 quorum
1420 958 1511 981 unus
1539 947 1573 980 in
1604 947 1708 994 spatio
1724 956 1865 981 centum
1894 943 2050 993 passuum
2078 957 2087 980 ·-“,

313 999 476 1037 appareat
492 992 578 1027 altus
593 993 760 1040 gradibus
769 1004 817 1038 45.
835 992 919 1028 alius
935 1004 1094 1047 appareat
1109 993 1196 1028 altus
1218 995 1368 1029 totidem
1380 995 1543 1042 gradibus
1561 996 1596 1029 in
1615 994 1720 1042 spatio
1738 995 1892 1042 passixum
1914 995 2046 1028 ducen·
2074 977 2075 1009 l

2073 1005 2087 1035 52

317 1047 438 1073 torum
452 1062 462 1079 ,
490 1040 660 1075 secundus
676 1040 739 1076 erit
755 1040 866 1075 multo
884 1054 995 1088 major
1008 1065 1019 1082 ,
1042 1041 1078 1077 ὃς
1091 1041 1191 1077 altior
1205 1043 1317 1089 primo
1334 1056 1345 1088 3
1370 1055 1455 1090 ergo
1472 1044 1564 1078 idem
1588 1044 1764 1092 contingit
1781 1042 1930 1080 miride.
2003 1041 2047 1076 Et
2072 1038 2087 1080 l!

318 1087 516 1128 confirmat,
526 1089 605 1136 quia
613 1100 694 1124 cum
704 1090 894 1137 quadrante
910 1091 1146 1125 mensuramus
1161 1090 1379 1126 altitudinem
1395 1092 1496 1126 turris
1509 1114 1520 1130 ,
1538 1103 1610 1138 quo
1620 1093 1729 1140 magis
1747 1091 1947 1126 accedimus
1964 1111 1976 1129 ,
2002 1087 2046 1124 εὸ
2073 1094 2087 1131 ξνζ

316 1135 432 1183 plures
441 1138 566 1185 gradus
575 1137 764 1172 altitudinis
773 1138 914 1173 exhibet
924 1161 938 1193 ².
943 1150 1014 1186 quo
1023 1139 1130 1187 magis
1139 1140 1353 1180 recedimus,
1369 1142 1413 1174 eo
1422 1140 1604 1187 pauciores
1626 1142 1753 1189 gradus
1774 1139 1916 1174 exhibet
1928 1137 2043 1174 altitu-

2081 1148 2087 1173 l

315 1184 417 1221 dinis,
496 1186 650 1220 Deducit
664 1184 835 1226 secundo,
853 1198 915 1222 cur
930 1188 986 1222 1ris
1004 1186 1095 1234 sequi
1111 1188 1267 1222 videatur
1287 1188 1478 1236 fugientes,
1502 1200 1646 1236 nempe,
1667 1189 1747 1238 quia
1762 1188 1844 1224 cum
1866 1186 2042 1222 summitas
2072 1197 2087 1243 μ’

2079 1254 2087 1270 h

2083 1302 2087 1319 ⁴

316 1232 411 1268 iridis
421 1233 546 1269 debeat
556 1233 687 1280 semper
699 1234 827 1269 habere
842 1235 1008 1289 aequalem
1025 1236 1261 1275 altitudinem,
1276 1237 1359 1271 cum
1373 1236 1591 1277 accedimus,
1606 1237 1662 1271 iris
1678 1247 1818 1284 apparet
1827 1236 1863 1270 in
1874 1245 1971 1283 parte
1979 1245 2045 1270 nu·
2072 1245 2074 1263 i

316 1281 367 1315 bis
377 1280 678 1320 distantiore,cum
689 1284 928 1318 recedimusm
937 1294 1033 1331 parte
1047 1285 1307 1331 propinquiore.
1359 1286 1407 1320 Ex
1423 1286 1548 1332 quibus
1572 1285 1609 1321 ὅ(
1625 1286 1696 1320 hoc
1713 1285 1881 1332 sequitur,
1899 1282 1982 1319 Sole
1999 1281 2045 1317 al·
2072 1295 2087 1316 x

316 1329 408 1364 tiore
423 1330 770 1378 deprimiiridem,eo
785 1330 941 1379 depresso
955 1331 1088 1373 attolli,
1115 1333 1276 1379 adeoque
1289 1344 1353 1380 pro
1372 1333 1460 1368 Solis
1479 1333 1659 1369 altitudine
1676 1332 1907 1370 diversimode
1920 1332 2045 1366 iridem
2071 1339 2087 1385 s·

314 1377 439 1413 situari.

406 1425 602 1462 Conclusio
613 1426 775 1463 secunda.
825 1427 1490 1476 Inquavismundipartesoleadversus
1509 1428 1778 1477 nubempofito,
1796 1427 2043 1477 suisciueradiis

312 1474 405 1509 illam
422 1474 653 1511 ferientefieri
662 1476 773 1523 potest
787 1476 842 1511 iris
860 1499 870 1517 ,
904 1478 1102 1511 dummodo
1122 1477 1266 1512 Solnon
1282 1477 1319 1512 sit
1332 1478 1431 1513 altior
1446 1478 1543 1525 supra
1561 1479 1783 1514 horizontem
1797 1489 1848 1560 55.
1864 1477 2043 1525 gradibus,

313 1532 369 1558 tot
376 1523 471 1558 enim
480 1525 649 1571 graduum
661 1525 742 1559 cum
752 1524 788 1560 lit
797 1524 1049 1560 semidiameter
1062 1526 1165 1566 iridis,
1174 1536 1247 1560 tota
1264 1525 1330 1574 ipsa
1340 1526 1396 1561 sub
1405 1527 1590 1561 horizonte
1598 1525 1749 1574 depressa
1765 1527 1797 1561 el
1813 1536 1862 1566 et,
1872 1525 2042 1560 necvide-

313 1570 479 1619 ripotest,
494 1572 515 1606 fi
525 1572 584 1607 Sol
592 1571 673 1607 effet
681 1582 735 1608 tot
742 1573 902 1621 gradibus
911 1573 1022 1608 altior.
1073 1574 1169 1610 Hinc
1178 1585 1262 1623 ergo
1272 1574 1460 1623 colligitur,
1476 1575 1593 1623 saepius
1604 1576 1638 1609 in
1657 1576 1792 1609 oriente
1810 1574 1842 1609 ἃ
1856 1573 2042 1608 occidente
2063 1574 2087 1609 ’,π

312 1618 388 1655 fieri
399 1620 534 1658 iridem.
585 1620 781 1661 Caecerum,
799 1631 839 1656 ut
856 1620 1041 1669 spe&abilis
1056 1622 1093 1657 fit
1108 1623 1319 1663 observanti,
1330 1619 1466 1658 necesse
1479 1623 1544 1663 est,
1559 1634 1597 1658 ut
1606 1622 1773 1670 spefflatcr
1781 1621 1897 1657 existat
1905 1621 2042 1655 medius
2062 1630 2087 1653 -ἰ

313 1669 405 1704 inter
413 1668 516 1716 ipsam
525 1668 562 1704 ὃς
572 1669 691 1704 Solem
703 1692 714 1710 ,
732 1669 885 1718 alioquin
895 1681 970 1705 non
979 1669 1078 1706 fieret
1091 1672 1135 1706 ad
1146 1671 1291 1706 oculum
1306 1670 1461 1711 reflexio.
1512 1673 1619 1707 Unde
1638 1671 1876 1718 Metecrologi
1893 1672 2044 1708 docent,
2062 1681 2065 1716 j

315 1727 478 1753 centrum
487 1717 590 1757 iridis,
600 1717 745 1753 oculum
754 1718 789 1754 <Sc
797 1718 915 1753 Solem
924 1717 990 1753 esse
999 1719 1055 1754 lita
1063 1719 1098 1753 in
1108 1721 1231 1754 eadem
1249 1719 1337 1754 linea
1350 1719 1454 1759 κᾶε.

410 1766 460 1800 Ex
469 1776 540 1812 quo
551 1766 752 1806 deducitur,
762 1767 859 1814 quod
869 1767 924 1800 iris
933 1779 1007 1801 non
1016 1769 1180 1803 omnibus
1191 1768 1312 1802 eadem
1320 1791 1330 1808 ,
1357 1767 1413 1803 sed
1434 1768 1632 1807 suatantum
1643 1767 1771 1814 cuique
1786 1776 1962 1819 appareat,
1971 1765 2039 1800 tot·
2061 1774 2068 1815 j
2083 1786 2087 1798 i

307 1825 378 1862 que
396 1814 432 1849 in
452 1814 576 1849 roridis
593 1814 994 1863 guttulisssdecidentibus
1010 1827 1109 1850 arcus
1123 1815 1205 1863 pieri
1220 1816 1492 1864 conspiciantur,
1506 1827 1594 1859 quot
1611 1816 1703 1851 oculi
1721 1816 1795 1850 lunt
1808 1838 1820 1854 ,
1845 1826 1903 1860 qui
1921 1815 2040 1848 versus
2060 1816 2069 1845 '1
2085 1827 2087 1832 ¹

295 1873 363 1898 reos
378 1863 584 1917 diriguntur,
593 1863 741 1910 proinde
750 1872 851 1898 moto
862 1861 1013 1910 cujusvis
1023 1863 1129 1899 oculo
1140 1865 1243 1899 etiam
1259 1864 1305 1899 illi
1324 1874 1487 1900 movetur
1504 1865 1570 1903 iris.
1614 1864 1710 1899 Cum
1719 1864 1813 1903 enim
1823 1872 1925 1897 moto
1934 1861 2040 1898 oculo
2065 1872 2068 1906 j

299 1911 363 1946 alia
373 1910 529 1947 fiatlinea
546 1911 564 1945 a
586 1911 735 1959 Soleper
744 1911 890 1947 oculum
899 1911 1019 1951 dueta,
1030 1912 1375 1948 haecautemlineafit
1387 1913 1458 1948 axis
1472 1913 1560 1948 illius
1575 1913 1676 1953 coni,
1698 1914 1733 1947 in
1750 1911 1848 1957 cujus
1862 1910 2038 1960 superficie

305 1959 455 1995 existunt
463 1960 699 2008 guttaeiridem
716 1961 932 2000 exhibentes,
941 1959 1120 1996 &mutato
1139 1972 1202 1996 axe
1211 1959 1353 2008 alicujus
1362 1962 1457 2001 coni,
1466 1962 1589 1997 mutari
1600 1973 1732 1996 conum
1748 1958 1884 1996 neeesse
1898 1959 2036 2004 est;alia

311 2008 417 2056 igitur
424 2009 488 2043 erit
498 2007 690 2054 superficies
698 2009 792 2049 coni,
800 2008 867 2045 five
875 2009 1061 2056 occupabit
1069 2009 1161 2045 aliud
1179 2010 1335 2058 spatium,
1343 2010 1379 2045 &
1388 2009 1686 2058 consequenter&
1694 2009 1792 2045 aliam
1805 2008 1927 2043 iridem
1939 2019 2036 2042 com-

310 2067 432 2104 parere
441 2056 576 2092 necesse
585 2056 642 2092 est.
694 2058 810 2097 Unde,
820 2057 990 2105 quicaput
998 2057 1118 2098 elevat,
1135 2058 1370 2106 veldeprimit,
1379 2059 1527 2094 mox1ris
1542 2068 1714 2098 mutatur,
1731 2057 1789 2105 qui
1805 2057 1882 2095 stat,
1897 2055 1941 2092 illi
1959 2055 2036 2096 stat,
2080 2082 2084 2090 ,

314 2105 375 2159 qui
391 2105 611 2154 progreditur
625 2105 670 2140 illi
688 2104 723 2141 ὅ(
738 2106 793 2140 iris
809 2107 1029 2154 progreditur
1042 2128 1053 2146 ,
1079 2108 1116 2143 ὅ]
1124 2108 1244 2155 fingatis
1255 2106 1376 2153 paffilms
1395 2108 1515 2155 fingulas
1528 2106 1617 2141 irides
1624 2107 1787 2153 speffizmus
1799 2129 1809 2145 ,
1833 2116 1870 2140 ut
1885 2103 2036 2141 redelo-
2055 2131 2059 2153 7
2080 2124 2081 2129 =

312 2153 469 2201 qmturle
480 2152 789 2202 Grand.hist.part,
799 2156 830 2189 6.
839 2164 899 2190 art.
909 2165 942 2200 9.
966 2160 1049 2188 usita
1056 2153 1204 2202 noszscnm
1213 2155 1363 2204 progredi,
1377 2169 1517 2197 currere,
1524 2153 1605 2200 stare
1616 2178 1626 2195 ,
1637 2155 1755 2200 fidere,
1770 2156 1820 2188 vel
1832 2154 1973 2200 quiescere
1987 2157 2035 2187 'm'-
2054 2189 2064 2195 ,¹
2082 2170 2085 2174 ·

311 2202 430 2239 demur,
2057 2237 2058 2242 ¹

411 2250 489 2286 Imo
499 2251 579 2286 curn
589 2261 631 2286 ex
638 2249 781 2298 guttulis
788 2249 992 2298 pluvialibus
1000 2251 1169 2300 perpetim
1183 2250 1384 2287 stillantibus
1401 2251 1419 2286 a
1431 2251 1533 2287 radiis
1548 2251 1710 2286 solaribus
1725 2249 1892 2285 illustratis
1899 2249 2031 2297 produ·
2061 2243 2070 2279 ‘-

312 2299 498 2344 'caturiri53
524 2298 660 2347 lingulis
670 2299 774 2334 etiarn
783 2300 973 2335 momentis
982 2311 1075 2336 nova
1090 2300 1224 2336 eisdem
1241 2300 1352 2336 oculis
1362 2300 1417 2335 iris
1426 2312 1629 2348 comparere
1644 2300 1745 2338 solet,
1768 2298 2031 2334 succedentibus
2073 2326 2075 2329 .

311 2359 443 2396 nempe
451 2348 622 2383 continuo
633 2348 667 2382 in
676 2346 887 2395 delapsarum
895 2347 1015 2384 locum
1025 2349 1124 2384 novis
1132 2348 1203 2384 aliis
1214 2360 1256 2384 ex
1264 2349 1398 2384 nubein
1406 2348 1564 2396 pluvialia
1574 2348 1628 2383 illa
1643 2348 1777 2396 specula
1787 2346 1851 2382 sese
1858 2346 2028 2382 resolven-

315 2397 479 2437 te,·haud
488 2396 584 2431 aliter
592 2408 631 2432 ac
641 2395 867 2431 fluviusidem
882 2406 1086 2445 apparenter
1099 2398 1306 2445 perseverat,
1323 2397 1404 2433 licet
1419 2399 1591 2432 continuo
1607 2406 1762 2432 mutetur
1778 2408 1821 2431 eo
1836 2419 1847 2436 ,
1871 2396 1970 2442 quod
1986 2394 2031 2430 se·
2060 2412 2063 2414 ·
2085 2409 2087 2415 ¹

315 2456 463 2492 quentes
471 2456 566 2492 aquae
575 2445 744 2492 prioribus
755 2445 950 2483 succedant.
1002 2446 1142 2481 Deinde
1152 2446 1254 2481 etiam
1269 2445 1327 2481 Sol
1337 2447 1510 2481 continuo
1518 2455 1697 2485 movetur,
1707 2443 1858 2492 ideoque
1876 2444 1965 2479 linea
1978 2454 2031 2478 re·
2060 2458 2062 2460 ’
2086 2459 2087 2464 ’

313 2494 367 2528 &ta
377 2493 478 2528 dusta
486 2495 502 2527 a
512 2503 634 2528 centro
644 2493 736 2528 iridis
745 2505 805 2540 per
813 2493 957 2529 oculum
973 2494 1132 2542 adipsum
1140 2494 1258 2530 Solem
1267 2493 1453 2530 necessario
1464 2495 1567 2529 etiam
1576 2494 1748 2529 continuo
1756 2492 2029 2528 mummrflnde
2085 2508 2087 2519 ·

310 2541 448 2591 fingulis
464 2542 566 2577 etiam
590 2543 779 2576 momentis
794 2542 850 2576 iris
865 2553 983 2578 revera
995 2541 1059 2578 alia
1070 2565 1081 2584 ,
1108 2542 1193 2579 &in
1208 2542 1274 2578 alio
1287 2543 1370 2578 loco
1393 2542 1574 2592 {pestatori
1587 2543 1738 2577 immoto
1753 2552 1957 2589 comparere
1971 2541 2029 2576 de·
2084 2556 2087 2561 Α

311 2592 381 2629 bet.
2057 2607 2060 2632 i

411 2637 607 2674 Deducitur
617 2634 782 2674 secundo.
807 2638 928 2674 Nullas
938 2639 1039 2675 nobis
1056 2639 1262 2689 pingiirides
1271 2640 1313 2674 ad
1322 2639 1490 2680 austrum,
1505 2640 1773 2688 quianunquam
1791 2637 1851 2674 Sol
1861 2636 2029 2675 transZe-
2057 2652 2060 2656 ·
2086 2646 2087 2651 ¹

312 2684 390 2722 nith
400 2686 554 2721 nostrum
565 2687 607 2720 ad
615 2687 896 2734 Septentrionem
906 2687 1114 2736 digreditur,
1124 2699 1161 2723 ut
1170 2688 1293 2724 oculus
1303 2689 1483 2723 meridiem
1497 2688 1661 2736 aspiciens
1669 2711 1680 2727 ,
1698 2687 1816 2723 Solem
1825 2687 1952 2736 atergo
1967 2686 2025 2720 ha-

313 2736 403 2772 beat.
455 2736 583 2783 Neque
591 2734 717 2773 obstat,
733 2736 829 2782 quod
842 2736 1088 2772 viderianobis
1096 2734 1224 2784 poffint
1232 2748 1284 2771 res
1294 2736 1472 2772 collocatae
1484 2738 1573 2772 inter
1583 2748 1648 2771 nos
1663 2736 1699 2771 ὅ(
1716 2735 1913 2783 speculum3
1932 2734 2026 2772 unde

317 2783 412 2831 sequi
422 2784 576 2822 videtur,
591 2784 688 2830 quod
697 2784 803 2818 videri
812 2784 866 2819 iris
880 2783 983 2832 possit
998 2786 1033 2820 in
1049 2787 1158 2825 nube,
1179 2787 1334 2832 quamvis
1349 2785 1540 2821 collocatus
1550 2785 1649 2820 litSol
1661 2785 1749 2819 inter
1758 2784 2026 2821 nos&nubem‚

300 2832 561 2879 ,consequentia
572 2833 665 2867 enim
674 2830 728 2867 illa
742 2844 815 2868 non
824 2832 872 2868 est
880 2845 970 2874 vera,
980 2833 1059 2881 quia
1069 2834 1187 2869 lumen
1195 2833 1283 2868 Solis
1293 2834 1382 2868 inter
1390 2834 1534 2869 oculum
1545 2834 1579 2868 ὅ(
1597 2835 1726 2868 nubem
1737 2830 1970 2878 interjacentis
1979 2828 2026 2865 est

309 2882 399 2915 adeo
411 2890 590 2929 magnum,
599 2889 636 2915 ut
644 2880 809 2928 impediat
817 2893 877 2916 eos
885 2881 1022 2917 colores
1032 2883 1152 2922 videri,
1162 2882 1244 2918 licut
1253 2883 1399 2929 impedit
1407 2883 1513 2917 videri
1526 2882 1644 2917 stellas.
1697 2882 1756 2916 Ob
1765 2883 1912 2915 eandem
1921 2878 2026 2914 ratio·
2055 2903 2057 2916 .

305 2939 389 2962 nem
399 2941 514 2976 neque
523 2930 586 2968 his,
595 2930 654 2976 qui
662 2929 749 2964 ultra
757 2929 986 2977 AEquatorem
998 2932 1033 2965 in
1043 2931 1291 2966 Australiterrae
1301 2941 1397 2975 parte
1406 2932 1560 2966 habitant
1577 2931 1632 2965 iris
1648 2940 1812 2977 apparere
1823 2927 1937 2976 potest
1952 2937 2026 2962 ver-

302 2986 361 3011 sus
370 2977 548 3012 Borealem
558 2977 703 3026 plagam.
755 2978 982 3025 Frequentius
990 2988 1107 3014 autem
1121 2980 1157 3014 in
1181 2979 1219 3014 iis
1235 2979 1321 3014 locis
1336 2979 1438 3014 irides
1448 2989 1629 3027 apparent,
1646 2980 1704 3013 ubi
1723 2977 1821 3013 facile
1836 2977 2024 3014 ascendunt
2054 2959 2056 2991 Ι

302 3024 366 3058 rari
375 3025 515 3071 quidam
525 3026 558 3062 ἃ
567 3026 672 3061 roridi
680 3037 836 3074 vapores,
854 3027 912 3074 qui
921 3036 1032 3062 totam
1042 3040 1115 3062 non
1124 3027 1297 3075 expellant
1307 3028 1522 3062 serenitatem
1530 3051 1540 3066 ,
1559 3027 1615 3061 sed
1634 3026 1805 3073 accipiant
1816 3025 1853 3060 ὃς
1862 3026 2024 3062 reddant,

305 3083 381 3107 non
390 3073 592 3122 extinguant
600 3075 689 3109 Solis
698 3075 851 3116 radium,
865 3076 948 3112 hinc
956 3074 1157 3112 fluminibus
1175 3077 1210 3114 ὅ(
1225 3076 1385 3117 lacubus,
1407 3086 1466 3112 aut
1480 3076 1558 3111 udis
1566 3074 1710 3112 vallibus
1720 3073 1960 3110 incumbentia
1970 3070 2022 3106 iri-

301 3121 388 3156 dum
396 3121 534 3157 brachia
544 3123 627 3171 saepe
642 3123 829 3163 cernimus.
1892 3132 1895 3134 ·

1925 3212 2019 3248 Con-
