2087 3610
602 245 963 318 Philosophico-
971 247 1176 300 Politica.
1668 267 1755 320 159

39 323 262 372 degeneraret
278 344 290 363 ,
305 319 466 357 saccharo
487 321 545 358 ubi
561 325 745 361 conditum
761 337 823 374 per
836 326 951 374 plures
966 337 1077 362 annos
1091 325 1283 362 conservari
1302 324 1450 361 illaesum.
1501 326 1652 363 Caeteras
1674 340 1757 364 cum

38 372 142 410 melle
150 370 325 420 qualitates
341 381 550 406 communes
561 371 682 413 habet,
697 373 858 409 salubrius
871 384 988 411 tamen
1003 375 1061 410 illo
1069 384 1144 410 tum
1160 375 1195 409 in
1210 374 1416 410 condiendis
1427 373 1511 409 cibis
1520 397 1530 414 ,
1540 385 1615 410 tum
1633 377 1666 410 in
1684 385 1758 410 me-

38 421 161 457 dicinis
174 419 416 466 temperandis.
466 419 686 456 Memoratur
699 422 822 462 etiam,
836 424 933 470 quod
946 424 1082 464 cannis,
1096 423 1248 470 equibus
1258 422 1454 457 saccharum
1463 423 1687 470 decoquitur,
1697 424 1755 457 ad-

38 469 82 506 eb
96 466 411 514 tenerescantporci
420 489 431 506 ,
447 477 484 502 ut
491 469 682 515 caponibus
695 470 885 505 teneriores
900 472 1106 510 reddantur,
1120 472 1216 517 quod
1225 471 1319 505 haud
1330 471 1437 506 dubio
1446 471 1480 507 vi
1489 470 1709 510 caleiatrivae,
1718 470 1754 507 ὅ(

37 515 206 554 mellifluae
216 513 338 550 relicta:
348 515 382 549 in
392 514 454 550 illis
462 515 659 551 humiditati
673 529 713 552 ac
720 518 922 565 pinguedini
932 518 1203 553 attribuendum.

132 564 275 610 Quaeres
286 562 439 598 lecundo
490 563 617 598 Utrum
635 565 783 612 antiquis
799 574 923 600 notum
939 566 1042 601 fuerit
1057 566 1253 601 saccharum
1269 565 1283 599 ?
1306 563 1516 611 Respondeo
1533 561 1756 606 affirmative,

37 613 150 662 quoad
172 611 333 646 notitiam
357 608 459 658 hujus
476 609 664 647 substantiae
677 626 688 657 3
703 612 832 648 Plinius
849 613 942 648 enim
959 613 1015 649 lib.
1030 625 1075 648 12.
1085 620 1151 654 c.8.
1166 614 1209 650 iic
1224 612 1401 659 loquitur:
1427 612 1637 647 Saccharum
1657 611 1693 648 &
1708 616 1754 649 A-

35 661 125 698 rabia
141 659 226 699 sert,
240 658 296 694 sed
314 659 412 694 India
424 659 595 695 laudatius
610 672 622 705 3
639 660 686 696 est
708 671 824 696 autem
837 660 907 696 mel
922 662 957 696 in
971 662 1196 697 arundinibus
1218 659 1405 697 colle&um
1426 661 1623 708 gummium
1643 662 1755 696 modo

39 708 240 747 candidum,
254 708 416 744 dentibus
430 707 620 756 frangibile.
677 710 857 745 EtSeneca
865 721 918 757 ep.
930 715 975 751 8¹-
985 708 1098 757 ajunt,
1110 711 1237 758 inquit,
1252 709 1345 757 apud
1360 709 1467 744 Indos
1478 708 1547 744 mel
1561 709 1706 744 inveniri
1720 709 1757 744 in

38 757 245 794 arundinum
258 755 365 796 foliis,
375 758 472 804 quod
487 766 547 792 aut
560 768 617 792 ros
633 757 721 792 illius
735 757 835 798 coeli,
848 768 907 793 aut
920 758 1019 805 iplius
1036 759 1212 793 arundinis
1231 759 1362 794 humor
1376 757 1486 793 dulcis
1502 757 1537 792 ὅ(
1551 757 1689 806 pinguis
1698 757 1757 793 est.

35 803 250 854 Megastenes
265 805 368 840 etiam
385 805 520 839 indiam
536 803 662 845 asserit,
679 806 769 841 ferre
784 807 820 841 in
834 806 1061 842 arundinibus
1076 806 1145 842 mel
1161 807 1367 855 lineapibuS.
1391 806 1441 843 Ex
1455 806 1578 853 quibus
1589 805 1662 841 sads
1671 817 1758 842 con·

39 851 285 894 stat,inaudiffe
297 863 431 889 veteres
445 853 553 888 multa
567 854 611 888 de
626 853 797 892 iacebam.

129 901 271 948 Qaeres
285 900 406 940 tertio,
422 913 464 936 an
481 901 584 937 etiam
603 902 665 937 illis
682 904 783 938 luerit
798 912 922 938 notum
939 901 1121 938 artificium
1132 902 1347 950 exprimendi
1362 902 1557 938 saccharum
1570 913 1612 937 ex
1621 902 1761 937 arundi—

36 949 176 987 nibusin
184 948 390 985 molendino
404 972 414 989 ,
425 950 457 984 in
467 961 539 997 quo
549 960 709 986 teruntur
723 949 1123 998 cannae,cujusmodiest
1137 952 1229 998 apud
1240 962 1316 988 nos.
1369 950 1578 998 Respondeo
1602 951 1762 999 probabi—

36 997 110 1035 liter
122 997 291 1046 negative.
342 998 449 1034 Unde
465 999 638 1034 habebant
648 998 756 1034 solum
773 999 900 1047 aliquas
918 999 953 1035 ὅ(
963 1000 1142 1047 pauciores
1150 997 1506 1045 hujusmodicannas,
1517 999 1641 1046 quibus
1650 1000 1693 1033 ad
1709 998 1762 1033 so-

34 1045 67 1083 la
79 1045 150 1082 fere'
164 1045 420 1082 medicamenta
428 1048 625 1082 utebantur.
677 1047 844 1083 Meminit
855 1058 972 1084 tamen
982 1048 1142 1085 Sacchari
1151 1047 1256 1083 nostri
1264 1058 1326 1096 per
1333 1047 1484 1084 torcular
1495 1044 1638 1096 expressi
1647 1047 1760 1083 Varro

34 1094 282 1135 Narbonenfis‚
299 1095 359 1142 qui
376 1095 461 1131 vixit
476 1094 671 1143 imperante
685 1096 792 1144 Julio.

195 1190 330 1234 Indica
348 1205 427 1234 non
447 1205 592 1249 magna
610 1192 728 1234 nimis
741 1192 883 1235 arbore
907 1193 1041 1251 crestit
1060 1191 1226 1245 arundo,

197 1247 341 1292 Dulcia
353 1249 416 1291 cui
434 1259 628 1307 nequeant
634 1250 750 1308 flacco
767 1251 993 1294 contendere
1009 1249 1135 1294 mella.

129 1353 286 1405 Colliges
301 1366 344 1390 ex
355 1354 551 1405 Scaligero,
567 1355 627 1404 qui
641 1355 786 1392 alterum
803 1357 919 1392 adhuc
936 1356 1082 1394 (acchari
1096 1367 1207 1405 genus
1223 1355 1364 1403 reperiri
1384 1355 1447 1395 ait,
1463 1355 1561 1403 quod
1578 1366 1651 1390 non
1667 1365 1710 1389 ex
1724 1367 1757 1390 a·

35 1403 237 1440 rundinibus
253 1404 401 1439 trahitur
413 1426 424 1444 ,
447 1405 504 1439 led
519 1415 561 1440 ex
575 1405 721 1440 Arabica
734 1405 850 1440 radice
858 1404 997 1454 Tigala3
1024 1406 1108 1441 dicit
1122 1405 1215 1440 enim
1228 1427 1239 1446 ,
1255 1405 1353 1440 erodi
1367 1405 1511 1440 herbam
1526 1404 1546 1439 a
1564 1403 1757 1440 vermiculo

35 1454 205 1502 quodam,
221 1452 317 1489 unde
334 1451 534 1489 saccharum
550 1452 757 1501 exturgescit
771 1453 807 1488 in
820 1454 971 1489 minutas
986 1454 1185 1503 grandines.

369 1583 959 1653 CONCLUSIO
1018 1583 1516 1651 POLITICA.

634 1670 742 1738 De
759 1671 944 1737 mane
969 1667 1310 1736 confilium.

129 1825 234 1862 lffluit
245 1824 290 1862 ad
303 1825 423 1862 Solem
438 1837 583 1866 manna,
596 1823 634 1861 ὅ(
647 1826 689 1861 ab
706 1825 834 1875 exiguo
847 1825 945 1861 radio
963 1823 1166 1861 calefasium
1182 1822 1313 1859 tabefit.
1371 1824 1518 1859 Aurorae
1536 1822 1671 1859 soboles
1693 1817 1759 1865 est,

38 1834 318 1937 Dantequarn
335 1873 454 1914 discit,
483 1873 579 1922 stipor
598 1884 747 1913 emanat.
813 1872 928 1909 Ceffat
957 1884 1098 1909 manere
1119 1884 1248 1908 manna
1261 1894 1272 1912 ,
1292 1871 1313 1906 fi
1328 1882 1446 1907 manet
1460 1873 1504 1907 ad
1520 1872 1651 1907 Solem.
1703 1872 1756 1906 O-

92 1942 102 1946 1
133 1923 241 1971 ptima
251 1923 408 1971 Reipubl.
418 1923 552 1970 portio,
566 1921 707 1958 &velut
723 1921 856 1971 politici
869 1922 1025 1970 corporis
1040 1921 1183 1956 frustum
1198 1943 1208 1961 ,
1227 1920 1405 1955 confilium
1422 1919 1479 1955 est.
1530 1921 1684 1956 Verum:
1702 1921 1760 1955 De

37 1971 137 2008 mane
151 1970 343 2007 consilium.
392 1974 528 2007 Aurora
542 1970 765 2007 conliliorum
780 1970 942 2006 obstetrIx
957 1969 1022 2010 est,
1037 1969 1207 2005 matutina
1220 1968 1334 2017 vigilia
1348 1968 1497 2004 acriores
1513 1967 1644 2016 spiritus
1659 1968 1758 2005 colli-

20 2022 28 2032 ·
37 2029 174 2070 guntur.
224 2020 420 2068 Depuratur
436 2020 617 2055 cerebrum
634 2019 842 2055 antelucano
860 2018 974 2054 studio
986 2041 997 2059 ,
1018 2018 1232 2053 defoecatum
1250 2016 1429 2052 confilium
1447 2016 1494 2052 est
1508 2039 1518 2057 ,
1533 2018 1575 2052 ad
1589 2018 1685 2065 quod
1702 2027 1758 2051 ae-

38 2079 114 2105 rora
127 2068 341 2104 manuducit.
401 2073 546 2115 precipua
559 2069 671 2103 Polm'ci
685 2080 754 2115 pars
767 2069 810 2101 eff
820 2091 831 2108 ,
851 2078 886 2102 ue
905 2069 977 2116 vzgtl
992 2070 1101 2113 semper
1121 2064 1241 2100 excubet
1254 2088 1265 2106 ·,
1278 2067 1402 2098 utilitati
1413 2066 1449 2102 ὠ
1461 2066 1613 2099 commodo
1630 2064 1755 2113 publico,

39 2116 141 2153 Unde
154 2117 306 2152 admotis
322 2115 454 2164 semper
468 2116 609 2152 stimulis
621 2114 653 2151 se
665 2116 835 2153 excitabat
849 2139 859 2156 ,
877 2115 898 2151 fi
915 2127 987 2164 quo
1000 2114 1076 2152 casu
1093 2116 1136 2150 ad
1154 2113 1316 2162 pauculas
1330 2113 1434 2148 horas
1448 2113 1602 2161 quietem
1618 2123 1756 2161 expete-

38 2175 106 2206 ret,
119 2165 179 2214 qui
195 2165 348 2214 publicas
362 2165 516 2201 habenas
531 2176 631 2201 novae
642 2164 812 2212 Hispania:
829 2164 970 2212 suscepit
984 2174 994 2209 3
1015 2163 1144 2198 author
1159 2162 1206 2198 est
1218 2162 1372 2210 Joannes
1390 2163 1548 2197 Boterus.
1598 2163 1687 2198 Non
1711 2161 1758 2197 est
1767 2147 1918 2209 J⁰·Bf³f⁶''·

39 2213 215 2250 confilium
228 2213 408 2254 callidum,
422 2214 520 2261 quod
535 2213 623 2249 calet
636 2214 656 2249 a
670 2212 897 2253 lediisternio,
913 2224 979 2248 nec
994 2211 1226 2247 illuminatum
1240 2233 1250 2251 ,
1267 2211 1364 2259 quod
1381 2210 1452 2246 alto
1467 2210 1549 2245 Sole
1565 2209 1756 2248 illustratur.
1766 2196 1921 2237 ¹·¹·d¹‘³³⁰²‘·

39 2261 168 2298 Eleffio
181 2263 314 2311 indiget
327 2262 496 2297 matutina
506 2261 778 2297 meditatione&
797 2260 998 2308 exporreEta
1014 2259 1176 2296 industria
1192 2273 1201 2295 ς
1217 2259 1275 2294 ubi
1289 2258 1501 2308 negligentia
1516 2257 1563 2294 est
1577 2258 1670 2294 nulla
1681 2281 1692 2298 ,
1708 2258 1755 2294 ibi
1769 2258 1898 2305 ''femm‘g

40 2310 128 2347 fortu
134 2322 184 2346 nae
201 2322 272 2346 non
282 2310 329 2346 est
342 2311 374 2358 pi
377 2311 476 2360 grith
489 2324 498 2345 ε
523 2320 559 2346 at
578 2309 634 2344 ubi
642 2321 670 2344 te
676 2309 807 2355 ficordt'ae
820 2311 858 2347 (θ’
872 2314 990 2358 ignavie
1002 2309 1161 2343 tradideris
1173 2331 1184 2348 ‚
1204 2320 1393 2354 nequaquam
1405 2310 1481 2341 Deos
1499 2308 1630 2354 implores
1642 2323 1656 2343 .·
1681 2306 1858 2340 irativ'rOr‘
1882 2293 1919 2328 Ἰ·

40 2364 141 2398 na'm,
165 2358 380 2407 fflft'fiq'vfim'·
430 2358 613 2394 Sallustius.
662 2359 760 2393 Nota
782 2358 829 2394 est
843 2357 1020 2393 Persarum
1040 2357 1240 2405 vigilantia;
1260 2356 1395 2392 stimmo
1416 2355 1510 2391 enim
1529 2366 1634 2391 mane
1655 2342 1847 2390 aureslufln

41 2407 142 2457 Regis
158 2407 336 2444 vellicabat
344 2406 537 2463 vigiliarum
547 2407 788 2442 internuncius
806 2420 815 2442 ε
838 2408 978 2455 Confhrge
989 2409 1070 2446 Rex,
1085 2407 1123 2443 c&
1138 2403 1188 2440 obi
1195 2409 1306 2453 negotia
1316 2426 1327 2444 ,
1343 2416 1403 2451 que
1414 2414 1441 2438 te
1461 2402 1540 2437 obire
1554 2404 1755 2448 volultMefiae.

41 2455 191 2491 malet.
243 2456 282 2491 ld
298 2455 407 2491 laudis
422 2455 580 2504 Agefilao
595 2455 750 2491 adlcribit
764 2456 973 2502 Xenophon
986 2477 997 2494 ,
1018 2454 1143 2490 somno
1165 2453 1262 2488 illum
1286 2464 1360 2488 non
1383 2462 1422 2488 ut
1435 2452 1595 2488 Domino
1611 2474 1622 2492 ,
1645 2450 1701 2487 sed
1716 2460 1756 2488 ut

42 2505 212 2553 mancipio
229 2503 326 2540 usum
341 2503 447 2540 i'uiss'e.
496 2504 598 2539 Sidus
618 2503 753 2551 Reipul.
775 2503 941 2539 Politicus
963 2503 1033 2544 est.
1052 2512 1134 2538 ante
1152 2501 1269 2537 lucem
1287 2500 1426 2547 luceat3
1446 2500 1675 2548 Phosphorus
1695 2499 1753 2540 fit,

41 2551 156 2589 Solem
171 2553 309 2592 excitet.
382 2556 455 2588 Non
476 2552 620 2588 Atridem
635 2556 888 2600 Agamemnonem
902 2574 913 2592 ‚
927 2550 1065 2599 pastorem
1084 2552 1272 2599 populorum,
1280 2551 1402 2594 somnus
1413 2547 1528 2583 tenebat
1539 2549 1647 2589 dulcis,
1659 2550 1755 2582 multa
1765 2548 1859 2582 Hom.
1867 2547 1918 2582 1712

2 2623 3 2627 =
40 2606 138 2636 nim
150 2603 326 2639 volventem.
364 2601 555 2640 Homerus,
607 2601 656 2636 Ex
672 2611 799 2636 naturae
821 2600 1026 2636 rudimentis
1041 2599 1254 2636 antelucana:
1270 2597 1492 2634 solicitudinis
1505 2596 1656 2633 studium
1677 2607 1754 2644 per·
1765 2595 1857 2636 ada.

41 2649 127 2705 cipe.
176 2649 252 2686 Leo
268 2650 427 2698 princeps
441 2650 609 2689 ferarum,
625 2650 728 2685 etiarn
743 2650 826 2685 dum
837 2650 956 2688 cubat,
970 2649 1136 2688 excubat,
1149 2647 1274 2696 apertis
1290 2645 1555 2695 [opitusoculis,
1570 2647 1655 2681 dum
1671 2646 1754 2681 dor-

40 2708 104 2735 mit
115 2698 196 2748 vigil
210 2712 222 2744 ;
245 2698 442 2745 Delphinus
464 2699 613 2746 aequoris
630 2699 720 2738 Rex,
735 2699 851 2734 necin
868 2697 1025 2745 requiete
1040 2695 1132 2736 fistit,
1147 2697 1351 2745 importuno
1365 2695 1510 2745 agitatus
1523 2704 1651 2739 motu3
1669 2693 1756 2730 ima-

67 2747 75 2754 '
101 2758 122 2783 e
135 2758 278 2795 quoque
292 2747 503 2783 attendentis
521 2746 682 2782 lbmnum
701 2757 806 2801 expet
832 2746 971 2781 iscendo
985 2744 1085 2786 libat,
1097 2743 1465 2793 nunquamcognoscit
1474 2742 1645 2787 dormire;
1658 2741 1756 2790 aqui-

42 2758 100 2836 Et:
113 2807 187 2844 quae
208 2796 410 2831 dominatur
431 2795 550 2831 aetheri
563 2818 573 2835 ,
588 2795 756 2843 pertinaci
770 2806 813 2830 va
827 2804 863 2830 et
877 2795 1022 2834 obtutu,
1037 2793 1074 2830 δ(
1089 2804 1200 2843 genus
1216 2791 1314 2828 suum
1322 2791 1535 2828 observantia
1556 2790 1757 2838 pericitatur

39 2841 190 2883 luminis.
240 2844 351 2880 Etiam
365 2853 621 2880 venenatorum
635 2844 812 2892 princeps,
830 2843 881 2878 Re
907 2842 940 2877 ἱὸ
955 2852 1138 2891 propterea
1155 2841 1302 2880 nomine
1318 2841 1485 2879 decorus,
1499 2838 1570 2875 visu
1585 2837 1758 2886 pollet,&

39 2891 133 2932 vinis
145 2892 338 2940 peroculos
351 2892 484 2941 spargit.
533 2892 871 2928 Rexelementorum
896 2891 972 2940 gnis
980 2890 1178 2939 perspicuus
1192 2889 1228 2925 ὅ(
1242 2885 1467 2925 lucidiffimus
1483 2886 1548 2926 est,
1560 2885 1757 2935 ipsiuslucis

39 2939 144 2977 ifocus
155 2940 192 2982 ὅ(
207 2941 287 2977 fax:
302 2941 362 2990 qui
377 2951 417 2977 ut
429 2941 600 2989 perpetuo
615 2940 733 2990 vigilet
746 2963 757 2981 ,
777 2939 953 2990 vigilantia
972 2938 1187 2975 versabilium
1208 2937 1368 2976 servatur.
1431 2936 1591 2971 Siderum
1613 2945 1759 2983 quoque

0 3010 1 3014 =
39 2985 236 3026 monarcha
249 2989 330 3030 Sol,
345 2989 469 3025 oculus
484 2988 756 3034 mundidicitur,
772 2988 895 3024 somno
908 2987 1070 3035 &quiete
1083 2997 1193 3027 caret,
1207 2996 1387 3033 nunquam
1401 2995 1475 3019 non
1490 2982 1587 3037 suum
1607 2994 1759 3032 regnum

0 3040 1 3083 j
39 3036 168 3072 llustrat.
216 3037 383 3074 Politicus
397 3038 515 3086 itaque
527 3037 651 3073 mundi
667 3037 791 3073 oculus
810 3036 878 3077 est,
894 3047 995 3071 mens
1010 3036 1207 3072 communit
1219 3034 1362 3074 ,lumen
1373 3030 1582 3080 Reipublicae
1595 3054 1606 3071 ,
1622 3030 1757 3067 intelle-

0 3087 1 3092 ’
41 3083 230 3121 «Siuscivilis
240 3086 415 3134 corporis,
425 3085 539 3122 custos
555 3086 716 3121 omniurn
726 3108 736 3126 ,
751 3095 854 3133 caput
870 3084 1010 3133 populi3
1022 3083 1267 3133 privilegiarios
1280 3082 1404 3117 habeat
1418 3078 1560 3119 oculos,
1572 3082 1686 3128 Argus
1703 3079 1759 3120 fit,

42 3131 210 3181 sciatque,
219 3145 293 3170 non
300 3133 396 3182 posse
404 3133 477 3169 fieri
486 3133 648 3174 fimul,ut
656 3135 730 3170 otio
741 3133 975 3183 indulgeatur,
990 3132 1027 3168 ὅ(
1037 3132 1113 3168 sana
1127 3131 1264 3168 consilia
1274 3129 1463 3177 capiantur.
1502 3127 1552 3163 Ita
1561 3128 1669 3162 [omni
1679 3139 1761 3174 por-

0 3187 2 3237 ζ
43 3179 98 3237 tio
111 3181 426 3232 qonservetpublici
439 3183 524 3219 boni
548 3192 794 3230 promotorem
807 3204 819 3226 ,
840 3192 878 3218 ut
897 3180 1173 3232 parevigiliarum
1190 3186 1399 3228 promoveat
1417 3177 1552 3213 bonum
1572 3175 1763 3261 pglhligpim.

0 3239 3 3252 b
163 3258 166 3259 ⁷
1720 3235 1758 3258 av
