2087 3610
698 208 1267 281 Philosophico-Politiea.
1725 223 1823 275 295

94 284 250 323 naturale
262 307 274 326 ,
288 295 393 332 quam
409 284 589 332 faelitium.
638 286 747 333 Apud
767 287 872 322 Indos
888 297 1005 322 tamen
1020 286 1106 322 teste
1120 285 1308 322 Aristotele
1324 285 1358 320 in
1368 283 1488 322 moral.
1504 294 1550 320 aes
1565 284 1654 320 adeo
1668 283 1825 319 lucidum

95 334 282 381 &purum,
296 344 363 368 nec
378 337 451 370 non
468 333 627 381 rubigine
643 345 762 370 carens
773 335 939 374 inveniri,
955 345 993 370 ut
1006 346 1122 381 neque
1138 334 1260 370 colore
1279 333 1377 369 distet
1392 334 1433 368 ab
1445 344 1542 368 auro·
1593 333 1660 368 Sed
1671 331 1746 368 &in
1757 333 1826 368 Da-

98 379 138 429 n‘j
147 380 283 430 poculis
313 382 398 416 ados
407 382 594 418 nonnullos
605 382 750 418 inveniri
761 383 871 420 scribit
886 383 980 418 idem
996 406 1006 424 ,
1029 384 1089 431 qui
1104 394 1170 419 nec
1187 383 1253 418 alio
1263 382 1364 431 patto
1380 405 1390 423 ,
1408 393 1513 429 quam
1530 381 1643 416 odore
1656 403 1667 421 ,
1681 381 1768 415 aenei
1781 392 1826 416 an

97 429 192 470 aurei
201 428 300 470 fine-,i
327 430 472 466 ternosci
489 430 638 478 poliunt.

195 478 340 528 Qaeres
355 479 470 514 tertio.
521 479 610 527 Qae
623 479 831 515 mirabiliora
849 491 954 527 opera
962 491 1004 515 ex
1015 490 1081 514 aere
1089 479 1352 514 recenseantur?
1367 477 1466 525 Resp.
1484 477 1694 524 Interprima
1702 477 1743 512 ab
1752 478 1826 511 Au-

95 525 258 562 thoribus
271 527 394 575 reponi
411 536 554 562 centum
563 539 605 562 ex
614 538 680 562 aere
691 528 764 562 iulo
774 528 958 575 Babylonis
967 538 1094 575 portas.
1127 547 1129 551 v
1146 528 1311 562 Secundo
1331 536 1532 562 numeratur
1546 535 1661 560 aeneus
1676 525 1824 570 ampho-

92 585 209 611 rarum
221 575 358 622 triginta
367 586 494 615 crater,
504 587 575 623 quo
586 575 739 612 Craesum
753 577 930 612 donarunt
940 574 1213 622 Lacedaemonij.
1266 576 1313 610 Ex
1325 576 1453 610 eodem
1472 572 1564 608 iulus
1581 575 1672 621 apud
1690 573 1823 607 Rhodi-

96 634 138 659 os
146 623 236 659 Solis
250 615 423 660 Coloffus.
467 625 690 673 Septuaginta
711 624 766 659 ille
783 625 983 660 cubitorum
999 624 1188 660 altitudinis
1204 624 1269 659 suit
1285 646 1296 663 ,
1310 634 1348 658 ur
1359 622 1498 659 testatur
1512 621 1642 656 Plinius
1658 621 1677 655 Ι.
1688 632 1737 667 34.
1753 632 1823 666 αῖ.

93 669 504 728 Postquinquagefimum
513 684 642 708 annum
654 684 749 708 terrae
761 684 859 709 motu
869 672 1074 721 prostratus,
1083 673 1200 708 multis
1212 670 1440 718 etiamjacens
1449 669 1617 705 miraculo
1629 669 1685 706 est.
1736 669 1823 704 Pau-

95 720 130 757 ci
147 720 310 768 pollicem
321 720 707 769 ejusamplestebantur.
736 721 886 763 Maiores
903 732 999 757 erant
1009 721 1124 770 digiti,
1142 733 1245 768 quam
1263 720 1435 768 pleraeque
1447 718 1573 753 statuae.
1598 716 1693 753 Vasti
1706 717 1823 764 specus

93 767 278 805 contractis
288 769 429 805 hiabant
438 770 613 807 membris.
627 770 825 806 Duodecim
835 771 932 806 annis
942 771 1082 806 tradunt
1098 769 1262 806 effectum
1273 768 1438 804 trecentis
1454 767 1599 802 talentis.
1649 766 1754 801 Unde
1770 767 1824 801 in—

93 827 147 853 ter
160 816 289 865 septem
304 818 596 855 mundimiraeula
610 829 781 866 receptus.
904 861 910 865 ,

193 865 383 904 Conclufio
393 867 505 905 tertia.
556 867 697 902 Ferrum
713 867 760 903 est
778 866 956 902 metallum
967 866 1143 914 impurum
1155 877 1197 900 ex
1213 865 1365 912 plurimo
1375 863 1536 911 sulphure
1550 863 1660 898 crudo
1677 861 1824 897 terrestri

92 913 304 951 &adurente
313 938 324 956 ,
340 915 376 952 ἀ
385 916 529 951 modico
537 926 682 965 argento
693 916 772 951 vivo
784 915 934 951 {imiliter
945 916 1082 962 impuro
1092 938 1102 954 ,
1111 916 1279 962 genitum.
1334 911 1502 949 Nativum
1514 911 1547 946 in
1559 912 1686 946 rodinis
1696 911 1821 958 reperi-

92 973 151 999 tur
158 962 264 999 veluti
273 975 379 1019 grana
392 964 446 999 leu
457 963 570 1000 maffa.
622 963 826 1000 conflatum
842 963 1060 1010 exlapidibus
1071 964 1186 998 ferreis
1196 962 1249 998 vel
1259 972 1345 997 terra
1356 962 1474 999 rubra,
1483 960 1658 1007 ferrugine
1666 959 1756 1006 quali
1767 958 1821 993 la:-

94 1010 127 1047 sa
140 1023 358 1061 excoquitur.
409 1011 525 1060 Hujus
541 1013 667 1060 species
677 1014 836 1060 quaedam
849 1011 897 1048 est
906 1012 1046 1059 chalybs
1058 1033 1067 1051 2
1084 1011 1120 1047 ὅ(
1137 1011 1184 1048 eli
1198 1012 1327 1046 serrum
1338 1019 1523 1058 purgatum
1533 1008 1566 1043 ὅ(
1581 1007 1716 1056 ignibus
1733 1007 1822 1042 mul.

89 1060 350 1109 tis&aquarum
367 1063 487 1098 crebra
501 1061 722 1097 restinctio'ne
738 1062 949 1104 induratum.
1002 1060 1061 1100 Et,
1076 1071 1115 1096 ut
1130 1060 1284 1107 loquitur
1301 1057 1502 1095 Aristoteles
1517 1079 1527 1095 ,
1543 1057 1682 1103 chalybs
1696 1057 1713 1090 a
1729 1057 1821 1091 ferro

87 1107 307 1159 distinguitur
324 1119 489 1158 tanquam
507 1109 580 1156 ejus
603 1109 759 1146 nucleus.
809 1110 958 1147 Nativus
974 1109 1114 1158 chalybs
1130 1108 1215 1144 olim
1232 1109 1417 1143 emebatur
1432 1117 1474 1141 ex
1489 1105 1570 1141 loco
1586 1105 1762 1144 Tin-aciae,
1780 1116 1818 1139 u-

89 1157 126 1193 bi
135 1157 309 1205 Chalybes
323 1158 443 1206 populi
458 1159 666 1195 habitabant.

185 1206 374 1243 Conclulio
384 1217 516 1255 quarta.
566 1206 797 1255 Proprietates
808 1203 911 1254 hujus
921 1205 997 1241 sunt
1005 1205 1131 1252 primo,
1141 1205 1239 1253 quod
1250 1204 1286 1240 fit
1298 1201 1514 1239 duriss'imum
1525 1201 1687 1237 omnium
1698 1200 1817 1236 metal-

87 1251 225 1300 lorum;
238 1255 399 1292 duritiem
414 1266 531 1291 tamen
548 1256 638 1292 hanc
646 1256 791 1304 acquirit
799 1265 964 1303 tanquam
980 1256 1173 1301 pergradus
1188 1266 1249 1301 per
1263 1263 1549 1300 temperaturam,
1567 1262 1646 1284 nam
1664 1252 1818 1302 candens

92 1303 222 1339 ferrum
238 1303 376 1339 mollius
392 1304 455 1344 est,
469 1304 596 1341 &ideo
608 1304 707 1340 facile
718 1304 895 1349 tunditur-3
909 1301 1008 1350 cujus
1018 1304 1106 1338 ratio
1116 1304 1161 1338 est
1177 1302 1334 1337 humoris
1344 1299 1542 1339 rareiaffio,
1552 1300 1647 1334 unde
1662 1305 1720 1333 nin
1730 1309 1817 1333 tcm-

94 1362 235 1400 petetur
250 1374 261 1392 ,
284 1353 388 1388 etiam
409 1353 487 1388 refri
516 1353 631 1388 escens
651 1352 790 1388 mollius
804 1352 895 1388 esset.
950 1352 1092 1399 Qodli
1112 1353 1376 1387 candensaceto
1394 1351 1636 1396 immergatur,
1652 1348 1742 1382 adeo
1754 1347 1817 1381 du-

88 1401 203 1440 relcit,
220 1400 511 1437 utmalleisintrac
527 1401 615 1437 abile
630 1401 937 1450 liangatur-eitius,
954 1413 1059 1448 quam
1069 1400 1100 1435 le
1108 1400 1188 1435 duci
1204 1400 1367 1447 patiatur,
1383 1399 1474 1433 sorte
1488 1398 1567 1444 quia
1581 1405 1720 1431 acetum
1738 1395 1817 1430 leri-i

87 1459 224 1485 meatus
237 1460 424 1498 penetrans
440 1450 522 1486 illud
532 1451 576 1485 ita
591 1450 803 1499 constringit.
853 1449 990 1484 Verum
1007 1459 1044 1484 ut
1053 1460 1092 1485 ut
1101 1450 1228 1484 durum
1246 1448 1298 1488 lit,
1315 1444 1447 1482 assiduo
1464 1456 1582 1481 tamen
1596 1444 1655 1479 ulii
1665 1444 1816 1480 conteri-

87 1505 162 1537 tur,
175 1499 341 1545 quoniam
351 1500 393 1534 ad
410 1497 484 1546 ejus
493 1500 756 1547 generationem
767 1499 880 1534 minus
896 1498 1027 1546 argenti
1041 1498 1109 1533 vivi
1120 1498 1174 1542 seu
1186 1497 1362 1535 humoris,
1378 1495 1454 1543 plus
1468 1505 1554 1529 vero
1573 1492 1740 1540 sulphuris
1750 1503 1817 1527 ter-

85 1544 199 1582 restris
210 1548 398 1585 concurrit,
451 1547 510 1583 Ob
523 1549 670 1583 eandem
681 1548 852 1583 rationem
863 1546 1175 1594 difficileliquatur,
1186 1557 1266 1581 cum
1277 1545 1422 1580 modico
1434 1543 1719 1591 nempehumore
1729 1553 1816 1576 con-

84 1592 388 1631 sset&art‘.tiffimo
405 1597 554 1643 partium
570 1596 769 1644 complexu.
819 1595 981 1642 'fingitur
991 1595 1128 1634 divertis
1137 1593 1326 1630 celeribus.
1380 1592 1550 1627 Redditur
1567 1589 1753 1626 caeruleum
1771 1601 1814 1625 cx

84 1639 200 1691 lapide
217 1644 371 1692 quodam
381 1655 424 1679 ex
433 1643 593 1680 Gallaecia
601 1644 716 1684 allato.
764 1637 935 1680 Simile‘tit
944 1643 999 1678 acri
1009 1655 1051 1679 ex
1060 1654 1160 1679 aceto
1168 1643 1225 1679 vvel
1242 1641 1394 1678 alumine
1409 1654 1421 1686 3
1433 1638 1634 1676 redditur&
1644 1639 1759 1692 album
1767 1661 1778 1678 ,
1793 1637 1815 1673 fi

85 1688 212 1728 lamina
221 1693 329 1728 ferrea
343 1691 464 1728 stanno
475 1694 689 1733 obducatur,
704 1693 976 1728 minimeramen
985 1704 1046 1740 per
1054 1688 1125 1728 hoc
1137 1702 1295 1728 naturam
1309 1690 1402 1726 suam
1412 1699 1541 1729 mutat,
1554 1699 1678 1724 verum
1687 1687 1813 1722 [olum-

85 1741 198 1776 modo
214 1740 286 1777 aliis
306 1741 544 1777 accidentibus
560 1742 747 1781 investitur.
801 1742 1034 1779 Accenditur,
1051 1737 1430 1789 priusquamliquefiat,
1444 1739 1491 1774 ob
1509 1735 1582 1784 ejus
1597 1736 1763 1772 duritiem
1777 1735 1817 1783 &¹

85 1789 268 1825 modicum
283 1789 470 1825 humorem
486 1803 497 1835 3
513 1791 660 1826 admoto
673 1800 792 1826 tamen
816 1789 978 1841 sulphure
998 1789 1107 1825 statim
1121 1790 1276 1838 liquescit
1291 1811 1301 1829 ,
1319 1787 1354 1824 ὅ(
1370 1787 1533 1836 guttatim
1549 1785 1696 1826 decidit,
1709 1794 1815 1833 atque

84 1835 260 1887 ingratum
268 1840 416 1874 odorem
433 1837 607 1877 diffundit.

190 1888 336 1935 Qa‘res
348 1888 472 1935 primo,
524 1887 724 1935 Qomodo
739 1886 867 1923 ferrum
884 1887 918 1922 in
933 1887 1115 1934 chalybem
1136 1886 1260 1922 mutari
1276 1881 1408 1933 poffitff
1430 1882 1528 1931 Resp.
1541 1893 1600 1918 me
1611 1880 1716 1930 paulo
1732 1890 1814 1916 ante

83 1932 188 1982 hujus
196 1933 833 1982 mutationisjaminsinualsemodum,
850 1947 978 1981 nempe
994 1935 1014 1970 ii
1023 1936 1176 1972 candens
1189 1945 1289 1970 aceto
1305 1932 1541 1982 immergatur.
1593 1931 1688 1966 Hine
1705 1930 1813 1966 Lace-

84 1984 264 2019 daemoniis
273 1995 350 2020 mos
365 1984 575 2021 numismata
582 1995 627 2020 ex
641 1985 758 2020 ferreis
773 1982 927 2020 conflare
935 1983 1064 2020 baculis
1077 2007 1088 2025 ,
1103 1994 1204 2019 aceto
1221 1994 1382 2031 mergere
1396 1980 1581 2017 candentia
1594 2002 1604 2022 ,
1621 1989 1667 2015 ne
1681 1978 1813 2026 fragilia

85 2031 120 2066 in
128 2031 213 2067 alios
228 2033 519 2081 depromerentur
532 2032 622 2069 usus.
654 2033 826 2068 Plutarchus
839 2047 871 2066 m
886 2036 1024 2081 Lycurgo.
1090 2032 1304 2068 Weckerus
1327 2041 1412 2067 vero
1429 2030 1517 2065 aceti
1533 2029 1616 2064 loc‘o
1637 2037 1812 2063 atramen-

81 2089 120 2114 to
143 2079 272 2116 sutorio
295 2082 468 2117 utendum
490 2081 562 2126 ait;
594 2081 778 2118 Cardanus
801 2091 918 2117 autern
933 2081 1066 2117 cortice
1084 2081 1164 2116 mali
1178 2081 1308 2128 punici.
1361 2078 1534 2114 Omnium
1550 2087 1668 2113 tamen
1683 2078 1811 2111 certius

85 2127 395 2178 Magister-iumeff,
407 2129 539 2166 ferrum
549 2130 664 2178 stepius
673 2129 933 2170 candefactum,
949 2129 968 2165 li
985 2129 1115 2179 frigidae
1129 2131 1372 2178 immergatur,
1387 2126 1557 2163 firmariin
1568 2124 1763 2172 chalybem.
1777 2125 1813 2159 Si

84 2186 203 2213 tamen
218 2177 358 2226 chalybs
369 2178 452 2226 saepe
468 2179 668 2219 candescat,
685 2179 720 2215 ὅ(
731 2179 815 2214 citra
829 2190 958 2214 novam
967 2178 1258 2222 temperationem
1268 2173 1666 2225 n·ige1cat,remollescit.
1719 2173 1812 2209 Pari-

89 2234 143 2262 ter
151 2225 270 2262 lixivio
279 2227 299 2262 e
307 2227 424 2263 cinere
431 2228 567 2263 roboris
575 2227 611 2263 ἀ
627 2226 722 2264 calce
733 2228 810 2263 viva
821 2227 915 2263 horis
924 2228 1056 2262 duabus
1065 2225 1187 2263 co&us
1201 2226 1380 2265 mollescit.

178 2275 322 2323 Qaeres
332 2275 495 2312 secundo,
547 2277 675 2312 Utrum
693 2276 822 2312 ferrum
838 2277 940 2312 certis
954 2275 1176 2311 mineralibus
1189 2276 1285 2323 aquis
1300 2271 1499 2314 immersum
1517 2272 1553 2308 in
1567 2282 1614 2307 ’,τε
1627 2281 1810 2307 converta-
1856 2281 1860 2286 ’

81 2321 161 2362 tur}
174 2323 278 2372 Resp:
287 2334 404 2372 patere
417 2326 488 2361 hoc
501 2325 713 2373 experientia
724 2336 766 2360 ex
775 2325 813 2360 iis
822 2348 831 2364 ,
840 2336 916 2372 quae
926 2324 1134 2359 adduximus
1143 2325 1187 2359 de
1198 2323 1421 2359 mineralibus
1429 2321 1524 2368 aquis
1533 2343 1543 2362 ,
1559 2321 1718 2368 quamvis
1727 2332 1809 2355 een-

81 2369 271 2411 seam,non
286 2371 352 2408 effe
360 2373 535 2421 propriam
545 2373 811 2410 conversionem
821 2373 856 2410 ὅ(
875 2371 1126 2408 substantialem
1141 2372 1489 2410 transmutationem,
1506 2381 1588 2405 narn
1605 2369 1809 2416 corpuscula

81 2429 170 2455 aerea
183 2421 433 2468 perminerales
443 2433 547 2466 aquas
556 2421 841 2458 advee’talaminae
851 2422 929 2457 ferri
938 2422 1104 2457 duntaxat
1113 2421 1146 2458 se
1160 2420 1326 2471 affigunt,
1339 2419 1472 2467 suoque
1485 2417 1620 2454 affrie‘tu
1636 2417 1754 2454 sensim
1772 2417 1808 2453 fi-

89 2478 137 2503 ne
151 2467 244 2504 sensu
253 2480 331 2505 eam
341 2480 549 2511 extenuant,
564 2481 669 2520 atque
678 2471 763 2506 itain
773 2481 818 2506 aes
833 2479 1064 2508 commutant.

181 2517 326 2565 Qaerae
340 2519 453 2556 terti0.
505 2520 613 2555 Unde
625 2520 754 2555 ferrum
770 2519 965 2568 rubiginem
975 2518 1179 2554 contrahat?
1193 2515 1291 2565 Resp.
1306 2516 1400 2553 Oriri
1408 2516 1499 2552 hanc
1508 2526 1550 2551 ex
1557 2514 1666 2550 halitu
1674 2526 1737 2562 per
1746 2525 1808 2562 po-

83 2574 142 2601 ros
157 2576 364 2614 erumpente
377 2589 387 2607 ,
403 2568 462 2615 qui
475 2568 517 2604 ab
539 2567 957 2616 humidaterrisuperfieie
971 2567 1109 2608 sistitur,
1125 2567 1160 2603 ὅς
1171 2566 1425 2615 inferruginem
1441 2563 1644 2602 concrescit.
1672 2566 1808 2599 Arcent

82 2623 168 2649 vero
184 2613 275 2650 hanc
284 2615 434 2651 medulla
442 2616 581 2652 cervina
597 2617 779 2657 &oleum,
795 2627 839 2652 eo
849 2617 947 2664 quod
961 2615 1140 2652 obstruant
1150 2615 1270 2664 suapin
1298 2614 1427 2650 uedine
1435 2612 1513 2649 ferri
1522 2622 1648 2660 poros,
1664 2623 1711 2646 ne
1722 2623 1808 2659 prae-

82 2660 194 2698 dietus
204 2661 329 2699 halitus
343 2673 523 2712 evaporet..
562 2665 627 2702 “Ad
638 2665 900 2714 abstergendam
915 2676 999 2701 vero
1017 2664 1214 2712 rubiginem
1230 2665 1272 2700 ad
1303 2663 1416 2699 ibetur
1430 2659 1577 2702 cerussa,
1592 2659 1806 2708 &Gypsuim

81 2711 244 2746 omnium
253 2721 371 2747 tamen
381 2712 555 2760 optimum
569 2713 619 2758 est
625 2714 744 2749 oleum
759 2713 884 2750 tartari.
938 2714 993 2749 De
1000 2713 1175 2760 ferrugine
1184 2722 1308 2748 notant
1317 2711 1459 2747 ulterius
1469 2710 1660 2749 Authores,
1669 2721 1746 2744 eam
1756 2709 1803 2744 es-

81 2758 116 2794 se
130 2769 259 2795 naturae
267 2760 515 2809 adstringentis.
567 2761 663 2798 Hine
672 2761 749 2797 [istit
762 2762 826 2806 (ut
833 2761 1018 2798 testaturP.
1028 2761 1236 2798 Honoratus
1244 2761 1340 2796 Fabri
1348 2760 1444 2798 tra&
1454 2765 1483 2800 8.
1492 2758 1589 2806 Phyll
1600 2758 1620 2795 Ι.
1629 2760 1682 2804 2.)
1693 2757 1804 2792 Femi-

81 2819 208 2843 narum
224 2806 394 2856 profluvia
404 2810 451 2845 ob
460 2809 665 2846 venularum
675 2808 1151 2849 obstructioneminduttam,
1167 2811 1278 2846 immo
1287 2808 1451 2857 impedit,
1462 2807 1482 2843 fi
1497 2808 1652 2846 bibatur,
1669 2817 1714 2840 ne
1728 2817 1803 2853 par-

80 2865 156 2892 tum
174 2857 386 2904 concipiant.
437 2857 497 2894 Ob
505 2858 995 2905 eandemradonemsscipsum
1006 2860 1133 2894 ferrum
1144 2860 1300 2907 ineptum
1309 2857 1442 2896 reddit,
1458 2856 1803 2903 utamagneteattra.

81 2904 194 2940 hatur.
245 2905 457 2941 Observatur
471 2906 575 2941 etiam
582 2905 857 2953 ‚qtenacislimam
866 2908 1063 2956 rubiginem
1079 2909 1120 2943 ab
1131 2909 1287 2944 humano
1295 2904 1479 2954 praesertim
1497 2903 1801 2953 sanguineferrum

81 2953 308 2993 contrahere,
325 2951 423 3000 cujus
437 2954 523 2990 ratio
533 2954 601 2995 est,
616 2957 695 3003 quia
711 2955 843 3004 sanguis
859 2955 988 2993 diutius
996 2956 1174 2999 adhaerens
1182 2955 1431 3004 profundiores
1439 2954 1571 2989 radices
1586 2950 1718 3001 agiu&
1727 2951 1802 2999 glu-

80 3001 194 3037 tinoso
204 3002 263 3037 suo
273 3003 423 3037 humore
434 3003 562 3038 lerrum
571 3000 783 3039 tenaciffime
797 3003 938 3051 stringit.
1458 3000 1460 3002 ’

151 3086 153 3088 ,
179 3051 323 3098 Qaeres
339 3061 475 3098 quarto,
527 3052 617 3099 Qae
633 3052 730 3100 gleba
745 3053 918 3086 mineralis
935 3051 1012 3086 ferri
1028 3051 1064 3086 fit
1079 3050 1234 3099 optima?
1252 3050 1350 3098 Resp.
1382 3050 1415 3084 Si
1431 3049 1467 3084 lit
1480 3048 1693 3097 ponderosa,
1709 3048 1801 3083 bene

81 3100 279 3146 compacta,
298 3101 316 3133 a
330 3109 445 3138 terrae,
460 3098 1090 3147 saxi,caeterorumquemetallicorum
1101 3110 1291 3146 corporum
1307 3099 1470 3134 lecietate
1484 3095 1654 3144 sejuncta,
1671 3096 1800 3131 coloris

82 3148 204 3195 pruni,
212 3148 363 3195 perlecta
373 3146 540 3185 censetur.
567 3147 743 3184 Caeterum
751 3148 972 3184 metallorum
981 3148 1140 3184 omnium
1150 3159 1238 3183 vena
1245 3147 1325 3183 ferri
1333 3144 1578 3196 largillimaest.
1605 3145 1800 3199 Cantabrige

1697 3204 1800 3229 mari-
