2087 3610
151 2261 308 2312 &monach

302 242 394 306 '258
902 246 905 249 ’
950 234 1313 306 Meteorologia

408 314 459 350 Ex
474 325 546 362 quo
563 313 737 362 colligitur
748 312 880 360 primo,
895 312 1087 347 tenfionem
1104 312 1194 347 hanc
1215 311 1384 346 halituum
1401 308 1474 346 fieri
1490 320 1533 345 ex
1548 310 1663 346 calore
1676 332 1688 351 ,
1714 310 1773 359 qui
1792 313 1850 348 ubi
1866 313 1910 350 ita
1925 312 1958 349 se
1970 325 2021 350 re·
2080 342 2082 344 -

310 363 433 403 mittit,
445 372 483 398 ut
502 373 575 397 non
590 360 770 414 praevaleat
782 383 793 400 ,
809 361 851 394 ad
866 359 962 394 suum
979 359 1185 406 principium
1205 358 1354 394 filamina
1370 358 1422 398 illa
1438 358 1529 394 illico
1543 360 1799 406 regrediuntur,
1813 361 2024 409 idquejuxta

311 421 466 448 naturam
483 411 751 456 uniuscujusque
765 408 920 454 corporis
937 408 991 443 sua
1005 407 1139 442 raritate
1154 407 1204 443 vel
1223 406 1386 443 densitate
1400 406 1639 454 spoliati3hinc
1654 406 1709 448 fit,
1723 410 1819 455 quod
1833 412 2023 446 vehemens
2070 405 2071 410 ¹

317 459 412 495 calor
425 458 628 495 tractionem
638 456 819 505 impediat,
835 456 879 491 ita
896 457 988 491 enim
1005 455 1129 491 halitus
1144 456 1316 494 extendit,
1328 464 1367 490 ut
1375 454 1429 490 vel
1439 455 1592 494 urat,vel
1608 466 1761 503 rumpat,
1775 466 1815 493 ut
1829 458 1943 494 redire
1951 470 2021 494 am,
2071 470 2072 473 ¹

316 507 405 557 plius
422 507 456 543 in
472 507 502 543 se
511 502 735 554 nonpoffint,
750 504 805 539 sed
821 503 1021 539 attollantur
1034 504 1066 538 in
1076 503 1182 538 altum
1198 505 1244 539 ob
1259 503 1402 538 nimiam
1418 504 1713 542 exrenuationem.
1921 530 1931 537 .

415 553 790 603 Colligitursecundoz
805 552 902 600 quod
917 552 966 587 uti
981 550 1141 600 praedicta
1150 552 1319 587 halituum
1333 549 1483 586 filamina
1498 550 1529 586 se
1537 552 1579 585 ad
1592 558 1701 599 poros‘
1715 552 1870 601 corporis
1878 553 2026 589 reduxe-

307 598 411 645 runt,
423 601 551 652 poffint
565 602 600 638 ὅ(
617 601 766 636 debeant
779 599 892 635 rursus
906 600 1022 649 egredi
1039 622 1049 639 ,
1064 611 1144 635 cum
1161 599 1353 648 perseveret
1367 599 1459 634 idem
1475 599 1509 634 in
1528 609 1677 646 corpore
1690 599 1783 637 calor
1795 622 1807 641 ,
1819 601 1879 649 qui
1895 601 2025 650 semper

316 652 364 688 est
378 653 424 688 ibi
438 650 549 698 major
559 672 570 690 ,
584 661 686 697 quam
697 650 733 684 in
748 652 823 684 abre
838 648 1078 685 circumstante
1093 658 1237 697 propter
1252 647 1467 695 sulphuream
1483 648 1682 688 materiam,
1699 648 1818 696 quae&
1832 649 1931 685 citius
1939 661 2025 686 con.

304 701 416 749 'cipit,
431 700 467 736 <Sc
482 698 609 734 diutius
625 697 750 733 retinet
765 696 982 735 caliditatem.
1502 698 1505 700 ’
1832 740 1833 743 ¹
1965 723 1968 726 .

415 747 603 796 Colligitur
618 745 738 781 tertio:
754 746 848 785 Cur,
864 745 885 780 fi
902 745 1078 782 succinum
1093 744 1169 793 post
1182 742 1352 779 affristum
1365 751 1474 779 vento
1492 743 1647 779 validiori
1657 744 1858 793 exponitur,
1873 745 1927 781 vel
1941 744 2025 782 vali.

303 797 364 833 'do
379 794 543 844 perfletur
555 794 726 834 anhelitu,
740 794 868 828 deinde
882 805 953 828 non
962 794 1090 834 trahat,
1104 794 1182 840 quia
1195 792 1319 829 scilicet
1335 792 1400 826 hac
1414 791 1549 827 ratione
1563 791 1731 828 halituum
1748 791 1923 829 filamenta
1937 792 2025 829 disfi-

315 850 450 893 patitur⁴
495 844 600 886 vIdem
611 842 802 891 contingit,
819 841 839 876 fi
854 842 964 877 valide
973 841 1180 877 succutiatur
1191 864 1202 882 ,
1216 850 1276 876 aut
1289 851 1384 887 aquae
1399 840 1640 889 immergatur,
1654 851 1714 877 aut
1728 853 1832 877 manu
1848 842 2025 878 humidio-

304 898 357 939 're
369 915 379 933 ‚
401 891 457 928 vel
470 891 643 941 pinguiori
656 890 731 938 post
748 889 944 926 frictionem
959 889 1169 928 attrectetur.
1215 889 1392 936 Tempore
1410 888 1513 924 etiam
1527 888 1645 936 pluvio
1660 889 1775 925 minus
1797 890 1901 925 trahit
1913 912 1925 930 ,
1947 890 2027 938 quia

256 984 262 992 ο
317 952 446 988 nempe
459 940 616 976 humoris
623 938 793 987 particulae
807 939 931 985 partim
945 949 1052 987 poros
1065 938 1260 977 obstruunt,
1273 936 1396 985 partim
1404 937 1596 972 tenuiuima
1607 935 1780 974 filamenta
1789 938 1935 975 solvunt.
1961 937 1996 975 N
1999 939 2025 974 i-

317 988 365 1025 hil
387 999 488 1024 etiam
503 989 624 1027 trahit,
640 987 661 1023 fi
676 997 803 1034 corpus
820 985 978 1034 aliquod,
992 996 1231 1034 quantumque
1248 985 1428 1033 exiguum,
1442 982 1684 1033 interjiciatur3
1699 987 1770 1025 hoc
1778 987 1871 1023 enim
1881 987 1979 1025 obice
1988 986 2025 1024 fi·

317 1036 372 1073 stit
386 1036 556 1073 halituum
570 1035 738 1075 filamina,
754 1035 789 1070 in
804 1046 875 1082 quo
889 1035 1039 1070 maxime
1053 1036 1071 1071 a
1086 1034 1279 1082 magnetica
1287 1034 1413 1069 virtute
1428 1033 1603 1081 discrepat.
2001 1072 2004 1074 ,

415 1086 558 1133 Qaeres
574 1094 708 1124 tamen,
725 1095 796 1131 quo
809 1082 899 1119 ὲὲᾶο
915 1084 1011 1132 palea
1027 1082 1165 1119 attracta
1180 1084 1366 1118 retineatur
1378 1103 1389 1121 ,
1411 1081 1497 1117 ratio
1515 1081 1693 1118 dubitandi
1709 1081 1778 1122 est,
1798 1095 1878 1119 nam
1902 1083 1923 1119 fi
1943 1083 2027 1120 hali-

305 1135 372 1171 ‘tus
384 1133 576 1169 alternatim
593 1133 770 1181 prodeunt
784 1154 794 1172 ,
814 1131 849 1166 ὅ(
861 1133 972 1167 rursus
990 1132 1056 1167 sese
1070 1132 1242 1179 recipiunt
1256 1153 1266 1170 ,
1286 1142 1347 1166 cur
1361 1141 1508 1178 corpora
1528 1130 1629 1166 semel
1645 1140 1737 1178 rapta
1751 1142 1825 1167 non
1844 1129 2026 1179 rejiciunt}

306 1181 544 1230 ‘Respondem
557 1181 655 1217 facile
672 1182 742 1216 hoc
759 1179 918 1226 explicari
930 1180 1201 1221 ,confiderando
1221 1188 1376 1215 naturam
1392 1178 1551 1214 filaminis
1565 1178 1700 1218 viscoli,
1717 1191 1760 1215 ex
1774 1180 1845 1216 hoc
1860 1181 1953 1215 enim
1966 1180 2027 1217 sta-

318 1230 382 1265 tim
397 1239 536 1278 apparet
547 1252 557 1269 ,
573 1229 671 1277 quod
685 1230 768 1264 dum
780 1239 906 1276 corpus
919 1230 961 1264 ad
978 1230 1155 1264 luccinum
1171 1227 1218 1262 est
1234 1225 1422 1262 addu&um
1437 1249 1448 1266 ,
1465 1226 1555 1262 illico
1574 1227 1637 1263 lese
1656 1228 1807 1275 implicet
1822 1228 1858 1264 ὅ(
1872 1228 2028 1265 involvat

308 1280 430 1326 'usque
443 1280 486 1313 ad
495 1279 646 1313 radicem
662 1278 696 1313 in
713 1277 852 1312 succino
868 1277 1101 1325 implantatam
1114 1298 1125 1316 ,
1148 1288 1188 1311 ac
1213 1276 1464 1322 consequenter
1477 1287 1550 1310 non
1571 1274 1665 1322 poffe
1687 1276 1833 1325 amplius
1845 1277 1887 1313 ab
1901 1289 1945 1313 eo
1960 1276 2028 1314 sese

320 1327 500 1376 expedire,
514 1326 551 1362 δε
563 1327 660 1374 quod
676 1326 819 1362 ulterius
834 1325 1002 1374 sequitur,
1018 1337 1093 1361 non
1107 1325 1222 1362 valere
1236 1323 1381 1372 amplius
1396 1322 1480 1358 illud
1491 1323 1666 1372 repellere.
1960 1342 1964 1346 -

597 1487 1188 1555 CONCLUSIO
1263 1483 1754 1554 POLlTICA.

738 1599 1010 1666 Morum
1032 1593 1290 1734 εἶηίῄῖᾷε
1307 1593 1629 1664 neminem

1121 1702 1143 1733 C
1165 1699 1288 1752 plClt.

422 1859 584 1896 excludit.
635 1857 810 1892 Omnibus
825 1858 894 1892 hoc
903 1866 1019 1903 patere
1033 1856 1153 1896 debet,
1169 1866 1207 1891 ut
1222 1855 1339 1892 Pattiae
1348 1856 1484 1892 Patrem
1493 1857 1524 1891 se
1532 1855 1597 1892 effe
1606 1857 1733 1892 audiar.
1760 1847 2029 1903 &tamem—ala.

358 1937 365 1942 ,.
414 1907 481 1943 five
489 1905 736 1943 Benevolentia
745 1904 878 1940 nullum
897 1905 1085 1940 hominum
1099 1904 1221 1939 statum
1237 1904 1297 1940 suo
1313 1903 1444 1941 influxu
1453 1906 1728 1953 praetergreditur
1736 1929 1744 1945 ,
1757 1904 1863 1941 fontis
1873 1905 1971 1942 instar
1979 1904 2028 1940 di-

317 1956 432 1992 vesin
445 1966 582 1994 omnes,
622 1955 764 1991 ¹Eodem
781 1953 892 1989 intutu
903 1976 913 1994 ,
931 1964 1003 2001 quo
1019 1951 1175 1988 observat
1189 1953 1387 2000 Principum
1404 1953 1514 1995 aulas,
1528 1953 1713 2001 plebeculae
1727 1953 1860 2001 respicit
1877 1954 2030 2002 mapalia.
2081 1993 2083 1996 Α

273 2017 276 2019 ’
305 2035 308 2038 ⁴
323 2004 453 2040 Eadem
468 2004 602 2040 aurium
618 2002 776 2046 facilitate
792 2002 828 2040 &
841 2002 1046 2050 Magnatum
1060 2000 1268 2048 praestolatur
1283 2000 1423 2048 imperia
1436 2024 1447 2042 ,
1463 2001 1498 2038 ὃ(
1512 2001 1631 2049 populi
1648 2013 1765 2046 preces
1779 2003 1929 2049 excipit3
1949 2013 2030 2049 qua.

315 2064 393 2101 *que
405 2065 509 2088 manu
518 2049 661 2098 januam
678 2050 800 2085 reserat
814 2051 927 2090 diviti,
942 2050 1064 2085 eadem
1081 2050 1221 2097 pauperi
1231 2049 1386 2086 recludit.
1440 2049 1673 2086 Reveretur&
1686 2050 1718 2084 in
1731 2051 1842 2098 pretio
1852 2051 1956 2086 habet
1965 2051 2030 2086 Re-

322 2113 406 2150 gum
421 2112 625 2148 purpuram,
641 2099 696 2135 sed
713 2099 746 2134 ὅ(
763 2098 879 2134 lacero
913 2097 1027 2133 alliolo
1043 2096 1208 2133 ami&um
1222 2098 1435 2145 amplexatur
1449 2098 1624 2134 clientem.
1677 2098 1774 2134 Nihil
1790 2100 1883 2134 enim
1894 2098 2030 2147 adigni·

323 2158 393 2185 tate
408 2149 462 2184 sua
472 2149 621 2184 alienum
636 2156 751 2196 putat,
766 2149 862 2195 quod
903 2146 1072 2195 enignitas
1083 2144 1129 2180 fui
1146 2146 1299 2181 muneris
1316 2147 1495 2194 proprium
1509 2145 1576 2181 effe
1591 2146 1696 2185 ducit.
1747 2147 1885 2183 Virtute
1893 2147 2030 2183 aemula·
2080 2155 2082 2157 ’

320 2207 376 2234 tur
390 2197 587 2234 succinum:
605 2195 738 2230 Attrahlt
751 2194 803 2229 hoc
812 2197 922 2242 paleas,
938 2194 1061 2228 attrahit
1074 2195 1119 2228 ille
1135 2194 1256 2235 Codros,
1271 2204 1309 2230 ut
1320 2194 1429 2230 Poe'ta
1444 2207 1517 2230 non
1533 2194 1693 2244 ignobilis
1709 2195 1846 2232 cecinit.
1873 2197 1924 2229 Ille
1935 2207 2031 2232 nam-

322 2258 391 2293 que
401 2245 469 2280 verb
483 2249 666 2279 incrementis
674 2245 735 2288 ſsu's
748 2250 843 2289 major
856 2242 909 2288 est,
925 2242 1036 2290 inquit
1053 2242 1296 2289 Symmachus,
1316 2256 1403 2289 quem
1412 2242 1576 2289 ssaehllmitas
1586 2247 1668 2290 parti
1676 2242 1795 2277 honoris
1804 2246 1934 2279 inclinat.
1963 2244 2031 2279 lm-

320 2307 381 2342 par
396 2294 518 2341 eoipso
534 2291 721 2339 majoribus
735 2314 745 2331 ,
761 2292 820 2339 qui
835 2288 1104 2340 solis'grandibus
1119 2303 1178 2338 par
1193 2291 1361 2332 fibivisus,
1370 2291 1522 2327 minores
1536 2291 1689 2339 despicit.
1740 2291 1946 2327 Commune
1955 2292 2028 2328 sub·

312 2342 449 2391 jetss‘cum
464 2341 720 2390 agitPoliticus‚
737 2340 771 2374 in
789 2352 860 2387 quo
879 2339 1002 2375 nobilis
1017 2339 1116 2386 aeque
1136 2351 1175 2375 ac
1198 2340 1358 2387 ignobilis
1373 2340 1484 2375 forma
1500 2339 1596 2375 suum
1614 2338 1863 2381 sustentationis
1881 2341 2030 2377 fulcrum

317 2392 447 2427 habere
454 2399 603 2437 oportet.
655 2388 845 2436 Gregorius
852 2387 1015 2424 Pontifex
1030 2397 1272 2435 cognomento
1280 2388 1447 2436 Magnus,
1457 2398 1495 2424 ut
1508 2387 1697 2435 superbiam
1707 2390 2030 2436 retunderet,Joan-

316 2440 369 2475 nis
381 2438 583 2474 Patriarchae
593 2436 990 2485 Constantinopolitani,
1007 2436 1065 2482 qui
1076 2435 1299 2472 universalem
1310 2436 1341 2471 se
1349 2435 1554 2484 Episcopum
1566 2436 1747 2472 inscribere
1760 2437 1857 2472 ausus
1871 2460 1882 2478 ,
1898 2438 2029 2485 primus

318 2487 672 2531 ServusservorumDEI
681 2484 746 2520 sese
760 2485 952 2532 appellavit.
1002 2484 1134 2519 Merito
1151 2483 1263 2520 dictus
1273 2485 1333 2520 Ma
1360 2496 1424 2520 nus
1442 2485 1657 2521 credentium
1669 2483 1784 2525 Pater,
1798 2486 1882 2521 dum
1900 2487 1930 2522 se
1940 2487 2031 2522 ado-

320 2536 456 2571 mnium
472 2534 634 2582 obsequia
648 2533 779 2569 demisit
789 2534 925 2571 Servus.
975 2532 1117 2568 Nullam
1134 2544 1263 2581 nempe
1278 2545 1338 2580 per
1353 2544 1500 2568 onarum
1515 2531 1704 2568 distantiam
1725 2534 1974 2571 benevolentiae
1991 2546 2029 2569 0-

319 2584 418 2620 culus
433 2583 625 2619 confiderat
638 2604 649 2621 ,
664 2582 723 2628 qui
737 2582 772 2616 in
795 2592 1004 2630 unaquaque
1020 2581 1165 2629 dignum
1179 2581 1314 2618 virtutis
1329 2581 1530 2619 exercendae
1540 2580 1665 2630 reperit
1681 2579 1870 2629 objestum.
1935 2582 2029 2619 Beni

320 2631 664 2681 Tragoediographus
672 2629 830 2666 Graecus:

156 2739 308 2788 Sophocles.
321 2759 323 2770 1
618 2726 790 2795 Magnqs
796 2725 938 2789 paruis
943 2725 1250 2784 siepkjungitur,

620 2783 720 2840 Scep&
735 2798 759 2825 a
774 2795 917 2840 parvts
936 2798 1166 2841 magnorum
1180 2798 1246 2826 res

620 2841 894 2897 Corfirmatur.

450 2948 571 2983 Nemo
586 2956 658 2982 tam
686 2946 734 2982 est
759 2946 904 2994 exiguus
924 2969 935 2986 ,
965 2955 1005 2982 ut
1028 2948 1071 2981 ad
1088 2959 1213 2994 magna
1237 2959 1310 2983 non
1337 2946 1455 2982 serviat
1477 2968 1490 2987 ,
1517 2946 1646 2982 famam
1671 2945 1708 2983 ὅ(
1731 2944 1895 2991 affectum
1919 2945 2027 2994 publi-

159 3007 312 3044 Lade&—
326 3007 421 3035 curn.
469 2995 566 3031 Nihil
582 2995 674 3030 enim
688 2993 879 3043 jucundius
902 2995 954 3029 his
967 3017 978 3034 ,
999 2995 1057 3042 qui
1081 3005 1270 3042 reguntur,
1288 2995 1354 3031 effe
1367 2994 1478 3042 potest
1490 3016 1502 3034 ,
1517 2994 1537 3029 fi
1555 2994 1734 3030 Francisco
1749 2994 1890 3032 Partitio
1913 2996 2026 3031 creda-

200 3070 245 3096 no,

323 3055 404 3081 mus
418 3067 429 3084 ,
454 3055 557 3090 quam
583 3055 664 3079 cum
692 3043 888 3092 intelligunt
903 3064 913 3082 ,
945 3054 1042 3078 aures
1059 3043 1145 3078 illius
1167 3066 1178 3083 ,
1199 3044 1257 3091 qui
1282 3053 1403 3092 regnat
1420 3064 1430 3082 ,
1455 3053 1572 3090 patere
1603 3054 1690 3078 non·
1709 3042 1824 3078 solum·
1844 3043 2026 3090 Optimati-

323 3095 388 3129 bus
412 3115 423 3132 ,
454 3091 510 3127 sed
542 3092 577 3127 ὅ(
602 3091 788 3140 plebeculae
811 3114 821 3130 ,
854 3103 920 3126 noc
947 3090 1048 3126 ullius
1073 3091 1220 3138 querelis
1251 3091 1378 3128 claussts
1402 3089 1478 3128 esse.
1550 3091 1784 3126 Incusantibus
1807 3093 1927 3127 amicis
1945 3091 2024 3126 Tra-

321 3138 444 3189 janum
471 3141 719 3188 Imperatorem
744 3161 755 3180 ,
781 3140 877 3186 quod
902 3151 1023 3187 parum
1048 3151 1186 3174 memor
1212 3139 1441 3189 Imperatoriae
1467 3136 1653 3187 Majestatls
1681 3138 1827 3175 nimium
1866 3140 2023 3176 omnibus
2074 3174 2080 3178 ,

1923 3197 2019 3235 expo-

305 1836 307 1839 .
366 1835 370 1837 .
413 1802 508 1839 Irum
524 1801 701 1850 publicum
716 1812 790 1837 non
809 1801 882 1837 satis
899 1799 968 1850 agit
981 1799 1167 1840 Politicus,
1182 1800 1239 1848 qui
1251 1800 1421 1848 privatum
1436 1822 1447 1841 ‚
1468 1799 1571 1836 etiam
1586 1798 1745 1835 infimum
1757 1821 1768 1841 ,
1783 1796 1844 1836 suo
1860 1799 1880 1836 ἐ
1893 1799 2028 1848 gremio
2079 1791 2087 1841 ff
