2087 3610
0 186 2 220 -.
0 163 2 178 -
0 118 3 156 -«
0 0 7 112 -νηή--κ-ι

663 220 1237 292 Philosophico-Politica,
1720 253 1805 305 291

591 337 1111 422 QUAESTlo
1207 339 1332 404 ΧΠ.

479 445 594 493 [ffers
610 457 786 506 ranno,
815 440 1039 498 plumbo,
1064 444 1133 504 ξς*
1156 443 1430 505 Oriclmlco,

83 515 209 664 C
220 532 389 570 Onclufio
398 533 518 580 prima.
569 534 739 569 Stannum
750 533 797 568 est
807 532 985 569 metallum
1002 533 1136 573 album,
1154 546 1196 570 ex
1205 535 1317 571 multo
1327 548 1440 584 neque
1452 537 1496 572 ita
1507 548 1595 584 puro
1603 550 1747 586 argento
1766 549 1795 577 vi

217 594 263 616 vo
275 604 285 621 ,
301 582 511 617 extriniecus
521 581 599 617 albo
609 605 618 620 ,
628 583 829 617 intrinlecus
839 591 954 617 autem
974 583 1084 618 rubeo
1095 605 1102 622 ,
1113 583 1146 619 ὅ(
1156 594 1198 618 ex
1209 583 1366 631 sulphure
1378 586 1526 632 impuro,
1536 597 1607 620 non
1617 588 1706 623 bene
1714 591 1809 632 diae-

223 630 272 666 sto
282 631 452 678 genitum.
504 628 572 677 Alij
588 641 718 666 vocant
736 629 916 665 metallum
928 632 1103 671 medium,
1120 643 1303 679 argentum
1321 633 1409 668 inter
1425 633 1458 669 ὃ(
1477 633 1676 680 plumbum,
1691 629 1808 684 quate—

77 691 144 715 nus
153 678 346 715 concreicit
368 690 410 714 ex
422 679 458 713 iis
475 679 712 718 mil'cibilibus,
727 690 878 726 quorum
895 690 970 733 pars
989 680 1125 726 purior,
1141 680 1161 714 li
1177 679 1428 721 secerneretur,
1443 683 1595 717 abiretin
1605 694 1805 731 argentum,

75 725 216 764 crailior
236 727 365 764 veroin
374 727 576 774 plumbum,
590 727 869 763 undemetallum
890 728 1037 774 lpurium
1048 727 1095 763 est
1104 729 1560 777 exgeminimetallisemine
1569 734 1813 779 progenitum:

53 799 58 803 -
76 777 158 824 quia
174 786 292 812 tamen
308 775 384 824 plus
399 778 443 811 de
458 776 602 823 plumbo
617 775 930 824 participiat‚quam
946 777 990 811 de
1001 786 1165 825 argento,
1179 777 1367 824 appellatur
1381 778 1422 812 ab
1439 777 1510 812 aliis
1527 778 1708 826 plumbum
1725 793 1804 817 can-

75 825 363 910 unduzgonc'ufio
374 871 449 908 secu
455 871 533 906 nda.
583 871 696 907 Variae
707 869 810 918 hujus
821 873 1047 920 proprietates
1058 871 1144 908 sunt.
1195 870 1421 908 Levislimum
1432 873 1478 908 est
1488 873 1707 911 metallorum
1720 889 1800 924 pro-

71 921 252 970 pterlaxos
261 931 384 969 poros,
403 920 456 955 vel
469 929 506 956 ut
516 919 692 955 nonnullis
705 919 835 968 placet,
853 931 993 968 propter
1002 920 1145 956 halitum
1164 920 1289 956 siccum
1308 921 1573 969 &sulphureum
1592 924 1673 959 inibi
1688 926 1803 960 domi.

71 981 234 1010 nantem,
249 969 297 1004 ob
312 980 418 1017 quam
433 969 604 1004 rationem
623 968 727 1004 etiam
749 968 906 1003 stridulus
923 968 1026 1004 sonus
1041 970 1121 1004 oriri
1137 970 1300 1005 creditur.
1350 970 1533 1005 Tenuibus
1549 973 1698 1018 partibus
1715 985 1800 1010 con-

69 1017 150 1059 stat,
165 1017 309 1054 utfacile
317 1029 480 1067 magnam
488 1016 619 1052 molem
628 1017 701 1051 aeris
710 1018 882 1065 pervagari
893 1017 1021 1064 poii‘et3
1038 1019 1132 1052 unde
1141 1017 1194 1058 fit,
1212 1028 1249 1053 ut
1260 1018 1382 1067 exigua
1391 1020 1584 1054 admodum
1595 1032 1669 1066 pars
1678 1023 1732 1056 εει-ἰ
1741 1024 1799 1058 ad·

68 1068 196 1107 mixta,
211 1065 480 1102 albuminducat
489 1064 657 1101 colorem.
711 1065 805 1100 Hinc
820 1066 945 1112 pariter
960 1067 1306 1113 optimeferruminat
1323 1066 1478 1106 metalla,
1489 1068 1568 1115 quia
1586 1069 1672 1104 lubit
1689 1070 1722 1104 in
1740 1082 1800 1105 eo.

68 1126 148 1152 rum
160 1125 278 1164 poros,
328 1115 384 1150 Ab
393 1125 458 1149 aerc
467 1113 657 1161 aeruginem
669 1113 955 1161 prohibetclausis
971 1113 1043 1160 ejus
1055 1115 1168 1162 poris·,
1182 1115 1217 1150 ὅ(
1228 1116 1324 1162 quod
1342 1116 1545 1156 mirabilius,
1562 1116 1634 1151 vasa
1652 1128 1745 1153 aenea
1763 1119 1798 1154 li-

67 1164 300 1202 cetmaxima,
316 1161 714 1202 fistannoobducantur,
732 1173 805 1197 non
816 1162 923 1211 magis
932 1164 1258 1211 ponderant,qu·21m
1271 1164 1338 1198 line
1348 1163 1467 1198 stanno
1478 1164 1582 1204 ,ratio
1599 1174 1715 1201 autem
1733 1167 1796 1204 hu·

61 1210 201 1260 jusdari
212 1210 343 1260 potest,
352 1211 432 1258 quia
442 1211 648 1246 tantundem
658 1210 815 1246 humoris
825 1222 867 1245 ex
877 1211 968 1258 poris
978 1212 1173 1246 extruditur
1181 1234 1190 1251 ,
1210 1222 1379 1259 quantum
1390 1212 1496 1248 stanni
1507 1213 1702 1249 intruditur.
1725 1214 1796 1251 Ha-

65 1262 126 1298 bet
137 1260 173 1296 ὅ(
182 1259 376 1307 illud,quod
385 1259 518 1294 cacabis
529 1258 636 1298 aereis,
646 1259 680 1292 in
691 1259 850 1294 ciborum
859 1259 1038 1294 cotrmam
1049 1260 1468 1300 adhibendis,illitum,eos
1477 1263 1517 1296 ab
1529 1261 1606 1310 igne
1617 1263 1794 1304 defendat,

63 1308 146 1346 licet
155 1309 250 1345 enim
260 1308 333 1344 aeris
350 1309 500 1354 tetrique
513 1316 632 1342 natura
643 1304 816 1342 durislima
826 1330 835 1346 ,
852 1307 952 1342 solius
961 1319 1077 1343 tamen
1087 1308 1193 1343 stanni
1206 1309 1328 1344 vicinia
1337 1311 1591 1349 defenduntur,
1601 1322 1645 1345 ne
1658 1311 1727 1359 igni
1739 1324 1794 1348 ce-

64 1358 169 1403 dant3
184 1369 264 1392 nam
281 1367 415 1392 meatus
423 1355 580 1390 occludit
593 1355 700 1403 igneis
711 1355 894 1402 particulis.
947 1356 1018 1391 Nili
1037 1368 1152 1391 tamen
1167 1357 1312 1404 plumbo
1329 1357 1570 1397 admisceatur,
1586 1359 1710 1394 nullius
1727 1361 1791 1396 erit

64 1406 162 1446 usui,
177 1406 358 1454 plumbum
371 1405 463 1439 enim
481 1405 630 1438 humore
647 1403 705 1438 luo
716 1403 821 1439 stanni
841 1405 1025 1441 [iccitatem
1049 1415 1229 1453 temperat.
1280 1406 1422 1453 Spiritus
1442 1407 1519 1442 nitri
1534 1406 1793 1445 stannoinfus'us

61 1451 400 1490 vehementisiimam
418 1452 453 1488 ὃ(
470 1451 610 1487 subitam
623 1462 716 1487 creat
725 1452 982 1492 ebullitionem,
999 1463 1037 1488 ut
1054 1453 1210 1489 stannum
1223 1455 1327 1489 carbo
1342 1456 1510 1493 videatur.
1562 1454 1708 1491 Gravius
1724 1457 1791 1492 cal-

61 1503 218 1543 ciant-um
233 1502 296 1541 est,
313 1513 419 1548 quam
430 1500 716 1536 noncalcinatum
726 1511 867 1549 propter
883 1513 1062 1536 extraneas
1076 1505 1283 1537 accedentes
1300 1503 1638 1550 particulas,multus
1648 1505 1741 1541 'enim
1753 1505 1788 1541 il·

64 1551 386 1588 lihumoraccedit,
396 1552 490 1584 unde
498 1550 638 1584 tandem
649 1549 682 1583 in
693 1549 874 1596 plumbum
886 1562 946 1597 per
955 1550 1220 1586 calcinationem
1233 1553 1438 1599 degenerat,
1449 1553 1592 1598 plumbo
1604 1554 1697 1588 enim
1711 1553 1788 1601 plus

59 1599 218 1635 humoris
233 1597 334 1636 inest,
349 1608 521 1646 perquem
538 1598 677 1644 pondus
702 1596 832 1636 crescit.
883 1599 1120 1634 Britannicum
1136 1599 1349 1635 Germanico
1369 1600 1553 1648 perfefilius
1571 1600 1639 1641 est,
1665 1612 1788 1650 utpote

21 1670 33 1679 -·
59 1647 196 1687 durius,
210 1647 349 1694 longius
367 1646 487 1681 enima
502 1645 647 1692 plumbo
659 1647 800 1681 recedit.

158 1696 303 1743 Qaeres
321 1695 445 1742 primo,
495 1693 570 1730 Cur
589 1693 973 1742 nunquamrubiginem
983 1696 1187 1730 contrahat?
1203 1695 1299 1744 Resp.
1321 1696 1508 1732 Rationem
1525 1695 1608 1737 effe,
1623 1698 1702 1745 quia
1719 1697 1786 1736 hac

56 1754 96 1780 ut
111 1743 324 1781 inficeretur,
343 1742 417 1790 plus
427 1743 470 1778 de
478 1741 558 1791 igne
574 1742 712 1777 interno
723 1743 973 1790 requireretur,
989 1745 1114 1793 rubigo
1125 1745 1218 1779 enim
1228 1745 1323 1780 velut
1341 1745 1449 1794 iuligo
1466 1746 1529 1786 est,
1547 1758 1622 1794 qua:
1631 1746 1783 1783 multum

55 1793 174 1842 ignem
185 1793 362 1840 lhpponit,
376 1802 415 1832 ,ut
431 1792 536 1826 docet
545 1793 578 1827 P.
586 1793 757 1835 Honoratus
775 1789 866 1825 Fabri
878 1794 960 1826 trabi.
973 1791 1057 1832 7.lt'b.
1067 1806 1094 1827 2.
1102 1792 1139 1826 de
1146 1794 1277 1828 metallis.

154 1842 299 1887 Quaeres
321 1840 485 1876 secundo.
538 1839 657 1886 Quam
672 1837 876 1875 affinitatem
900 1852 982 1876 cum
1011 1841 1149 1888 reliquis
1163 1842 1312 1877 metallis
1331 1843 1455 1878 habear
1470 1843 1482 1876 ?
1513 1843 1608 1890 Resp.
1632 1844 1782 1880 mixtum

53 1889 199 1926 metallis
209 1901 249 1925 ea
264 1889 602 1937 fragiliareddereex
620 1886 822 1927 duffilibus,
837 1889 916 1936 quia
933 1890 1182 1926 intermiscetur
1191 1901 1313 1925 eorum
1324 1892 1515 1938 particulis,
1531 1903 1613 1938 quas
1629 1894 1778 1938 proinde

51 1939 205 1975 minores
216 1933 348 1975 reddin
368 1947 370 1952 ’
390 1936 552 1972 Similiter
565 1935 711 1971 affusum
728 1936 872 1972 metallis
888 1937 1044 1986 liquidis,
1061 1938 1313 1987 immiXtisque,
1329 1939 1380 1974 illa
1397 1942 1540 1986 leparat,
1558 1951 1594 1975 ut
1611 1941 1667 1975 (ibi
1686 1941 1772 1976 leor-

51 1987 111 2023 sim
119 1983 329 2036 conjungat,
345 1986 444 2034 quod
451 1984 563 2020 rursus
580 1985 698 2020 reterri
714 1985 825 2033 potest
840 1986 875 2021 in
886 1986 1115 2034 aptitudinem
1125 1987 1252 2028 stanni,
1267 1998 1303 2023 ut
1313 1989 1347 2023 in
1356 1988 1568 2033 reliquorum
1578 2000 1683 2037 poros
1695 1990 1769 2026 subn

52 2045 118 2074 621.

58 2088 60 2090 '
105 2091 108 2095 ·
148 2083 337 2121 Conclufio
349 2082 458 2120 tertia.
508 2080 696 2117 Plumbum
706 2081 752 2117 est
762 2082 938 2118 metallum
947 2084 964 2118 a
975 2081 1125 2130 plurimo
1140 2083 1246 2119 crasso
1263 2084 1297 2120 ὅ(
1307 2085 1422 2120 minus
1430 2096 1518 2131 puro
1529 2096 1673 2134 argento
1683 2086 1775 2128 vivo,

51 2130 88 2168 δι
104 2130 856 2181 pauciorefirculento&adurenteiulphure
874 2142 1104 2178 procreatum.
1159 2133 1400 2169 Undemultus
1411 2133 1454 2168 illi
1472 2135 1602 2169 humor
1617 2134 1652 2170 ὅ(
1663 2136 1774 2183 super·

4 2176 11 2180 ”
47 2178 157 2216 fluum
175 2181 338 2228 phlegma
355 2180 439 2214 inest
453 2201 464 2218 ,
479 2179 658 2226 multaque
680 2189 768 2214 terra
783 2180 927 2215 constat.
979 2180 1057 2228 Ipfit·
1083 2181 1196 2216 scoriae
1215 2181 1249 2217 δε
1266 2183 1366 2218 ia’ces
1380 2205 1390 2222 ,
1416 2194 1491 2229 quae
1514 2182 1781 2229 relinquuntur,

44 2230 187 2276 quando
198 2229 365 2276 liquatur,
376 2226 421 2262 fat
429 2237 577 2276 arguunt
586 2228 775 2262 maximum
787 2226 888 2274 hujus
899 2229 1027 2264 metalli
1036 2231 1240 2265 cruditatem
1252 2253 1262 2270 ,
1272 2231 1305 2266 ὅ(
1319 2231 1552 2279 imperfectam
1565 2231 1771 2268 concoctio-

45 2288 138 2314 nem.
190 2277 295 2312 Unde
304 2276 407 2311 etiam
426 2287 499 2311 non
511 2275 647 2311 sustinet
657 2276 776 2323 ignem
785 2287 822 2312 ut
833 2289 974 2316 aurum,
993 2277 1047 2312 sed
1059 2277 1219 2313 facillime
1235 2280 1280 2313 ob
1292 2279 1440 2314 multum
1461 2280 1565 2315 etiam
1580 2280 1768 2316 humorem

41 2325 64 2361 li
92 2324 216 2365 nescit,
233 2324 335 2361 &abi
364 2335 408 2358 ne
416 2325 633 2371 absumptum
645 2347 654 2363 ,
670 2325 689 2359 [i
700 2325 922 2362 diutiusineo
934 2337 1087 2366 maneat,
1104 2327 1138 2362 in
1149 2327 1280 2362 cineres
1290 2328 1474 2376 redigitur3
1488 2340 1596 2375 quare
1605 2330 1766 2365 omnium

86 2373 268 2409 etallorum
276 2384 337 2408 mo
353 2371 513 2407 liliimum
528 2371 585 2407 est.
636 2371 827 2418 Majoribus
843 2374 976 2409 constat
991 2375 1102 2421 poris,
1119 2386 1206 2422 quos
1218 2376 1237 2410 1i
1253 2382 1311 2411 a‘er
1327 2386 1530 2422 occuparet,
1547 2376 1583 2412 &
1595 2389 1666 2412 non
1681 2373 1765 2413 cras-

40 2421 94 2457 sus
110 2423 255 2461 humor,
271 2422 362 2456 foret
376 2420 592 2456 leviilimum.
642 2419 788 2468 Propter
806 2419 905 2457 suum
923 2424 1110 2458 humorem
1120 2424 1250 2471 frigida:
1260 2424 1305 2459 est
1317 2423 1599 2473 &adstringentis
1611 2435 1739 2461 naturoe
1750 2449 1761 2468 ,

40 2471 136 2510 unde
150 2469 446 2517 superimpoiitum
462 2468 562 2516 capiti
579 2468 751 2504 calvitiem
763 2470 911 2510 inducit,
929 2482 973 2506 eo
992 2472 1090 2518 quod
1099 2482 1204 2518 poros
1215 2472 1334 2518 capitis
1344 2472 1510 2511 obstruat,
1529 2484 1565 2508 ut
1574 2473 1692 2509 succus
1701 2474 1757 2509 ali-

39 2518 238 2555 mentitius,
248 2517 440 2553 nutriendis
457 2516 759 2564 pilisneceffarius‚
777 2518 886 2554 subire
901 2517 1091 2566 nonpossit.
1146 2519 1240 2556 Hinc
1250 2520 1285 2556 ὅ(
1299 2522 1462 2556 mortaria
1477 2531 1581 2568 atque
1595 2522 1702 2570 pistilli
1719 2533 1762 2559 ex

39 2577 83 2601 eo
101 2564 228 2609 confici
238 2564 348 2601 solent
358 2588 368 2604 ,
378 2566 545 2612 inquibus
561 2566 581 2600 li
598 2575 752 2601 terantur
767 2566 934 2614 liquores,
954 2568 1062 2614 quiex
1073 2568 1252 2616 utriusque
1263 2570 1422 2605 oriuntur
1433 2570 1598 2610 mixtura,
1609 2571 1761 2619 frigidio-

36 2626 90 2650 res
107 2613 207 2651 fiunt.
258 2614 317 2650 Ob
333 2615 481 2649 eandem
491 2614 624 2648 caulam
633 2614 762 2650 utiliter
777 2616 1349 2656 admoveturrenibus,utcastitati
1365 2618 1574 2656 consuletur.
1617 2620 1664 2654 lta
1678 2619 1758 2655 Cal-

34 2674 100 2698 vus
109 2662 258 2708 Orator,
277 2672 315 2697 ut
329 2662 470 2697 testatur
480 2661 626 2701 Plinius,
640 2663 798 2698 cohibuit
810 2663 987 2698 libidinem
997 2686 1007 2703 ,
1017 2674 1055 2700 ut
1065 2665 1153 2700 vires
1163 2666 1318 2712 corporis
1327 2665 1519 2702 studiorum
1530 2666 1636 2702 labori
1645 2668 1758 2704 custo-

37 2712 137 2749 diret.
192 2711 289 2746 Idem
305 2710 503 2757 &antiquis
512 2709 677 2749 Athletis,
695 2721 732 2746 ut
747 2712 857 2759 inquit
866 2711 900 2749 P.
913 2712 1119 2748 Honoratus
1130 2713 1240 2753 Fabri,
1255 2716 1297 2748 ad
1315 2715 1491 2750 lervandas
1507 2716 1654 2764 integras
1668 2716 1758 2752 vires

37 2759 192 2795 solemne
201 2760 275 2796 fuit.
330 2758 448 2794 Mukici
460 2770 601 2806 quoque
610 2758 691 2793 illud
703 2760 833 2806 peelori
843 2761 1081 2808 imposuerunt
1089 2764 1132 2796 ad
1142 2762 1265 2796 melius
1275 2763 1407 2798 cantica
1418 2765 1646 2803 decantanda,
1655 2775 1755 2812 quos,

34 2819 71 2843 ut
80 2808 215 2844 dulcius
225 2818 382 2845 caneret,
400 2806 604 2842 imitatusest
613 2807 720 2844 Nero.
771 2811 922 2842 Suetonius
935 2814 965 2841 in
983 2812 1114 2843 Nerone.
1167 2811 1300 2845 Verum
1319 2823 1391 2846 non
1409 2812 1516 2847 {olum
1535 2813 1630 2852 voci,
1645 2813 1702 2847 sed
1719 2813 1755 2849 ὃ(

33 2852 241 2895 stomacho,
254 2857 288 2891 ὅ(
300 2855 524 2902 pulmonibus
538 2855 838 2896 conducibileest,
853 2869 933 2892 cum
944 2857 1282 2898 humectet,&dulci
1299 2858 1358 2894 suo
1376 2860 1552 2908 refrigerio
1568 2859 1754 2908 pulmones

34 2904 208 2940 restauret.
225 2914 229 2918 ’
261 2904 415 2939 Vulnera
424 2903 548 2950 pariter
556 2904 714 2943 exsiccat,
730 2916 803 2939 non
813 2905 954 2952 quidem
963 2905 1150 2941 humorem
1161 2908 1375 2943 extrahendo
1383 2930 1393 2949 ,
1405 2902 1680 2944 sedobstruendo
1691 2921 1754 2958 po-

30 2953 94 2988 ros'
107 2955 164 2988 l‘uo
177 2953 318 3002 frigore,
329 2952 494 2999 fimulque
509 2950 818 2987 inflammationem
829 2954 930 3000 partis
939 2953 1019 2989 laesse
1028 2955 1278 3003 extinguendo.

128 3002 192 3036 His
201 3002 327 3036 merito
338 3001 372 3036 δ(
382 3002 563 3047 (equentes
578 3002 848 3036 annumerandae
859 3001 933 3037 lunt
948 3001 1137 3049 qualitates.
1191 3002 1307 3039 Primo
1318 3003 1528 3040 obtusiorem
1543 3003 1663 3040 sonum
1675 3005 1751 3041 red-

29 3049 289 3096 ditplumbum‚
306 3050 469 3096 quocirca
484 3051 587 3084 etiam
607 3059 744 3084 mutum
761 3049 939 3086 metallum
954 3051 1070 3086 vocari
1080 3050 1278 3097 consuevit3
1292 3053 1431 3100 quodin
1448 3053 1505 3087 illo
1524 3053 1652 3088 humor
1669 3065 1750 3101 prae-

27 3098 154 3137 valcat,
169 3098 324 3146 &parta-s
343 3098 464 3131 habeat
475 3108 547 3131 non
565 3097 713 3131 multum
726 3097 924 3145 implicatas.
975 3100 1141 3135 Secundo
1165 3100 1317 3146 liqueicit
1331 3124 1340 3140 ,
1365 3100 1419 3136 sed
1436 3113 1612 3148 nunquam
1629 3114 1749 3137 accen-

29 3147 270 3194 diturpropter
288 3146 533 3181 αὶηωααηῑίειπι
551 3145 718 3183 humoris,
767 3145 1033 3195 Analogiaestin
1043 3160 1233 3194 aqua,quae
1249 3147 1646 3189 licetferventillimaiit,
1662 3162 1750 3185 uun-

26 3206 132 3244 quam
140 3204 258 3231 tamen
270 3192 512 3231 inflammatur.
534 3194 637 3229 Unde
647 3194 750 3229 etiam
760 3196 888 3278 charta)
884 3194 1029 3241 plumbo
1038 3196 1167 3243 liquato
1179 3194 1302 3244 injecta
1310 3220 1319 3236 ,
1328 3197 1378 3232 uti
1389 3197 1424 3234 ὅ(
1439 3197 1623 3245 sulphur&
1639 3199 1749 3244 pulvis

899 3255 922 3278 0
939 3255 958 3279 2
1638 3257 1755 3293 pyrrus
