2087 3610
632 220 992 294 Philosophieo-
999 220 1204 276 Politica,
1685 239 1786 307 257

576 333 817 422 QUAE
837 338 876 403 S
895 338 1004 404 TI
1026 338 1094 405 o
1135 338 1239 406 lv.

325 486 327 489 .
469 441 556 495 De
578 443 768 512 succino
803 445 870 505 εἴ
900 448 1094 496 virtute
1129 444 1386 499 Eled‘z'rica.

71 518 499 664 Condufio'prima.
547 531 756 572 Succinum,
768 537 807 566 ut
823 531 893 567 dixi
910 531 944 567 in
955 532 1310 581 Qaestionepraeced.
1325 534 1373 570 est
1386 530 1564 571 bituminis
1579 530 1724 583 species,
1744 531 1781 572 δε

202 581 339 631 pinguis
352 590 450 616 terrae
466 578 586 615 succus
603 601 614 620 ,
627 580 687 627 qui
704 580 739 624 in
758 590 819 615 ora
828 580 929 615 maris
938 580 1082 616 Balthici
1091 581 1125 616 in
1134 578 1261 617 Pruffia
1275 583 1425 619 reticulis
1433 593 1597 631 tanquam
1606 582 1713 631 pisces
1728 595 1783 619 ca-

68 658 73 677 ,
205 630 307 679 pitur.
347 628 443 664 Cum
458 628 551 663 enim
562 627 730 663 Favonius
745 638 804 663 aut
814 627 930 664 Corus
937 630 1182 665 vehementius
1198 642 1291 666 mare
1305 642 1660 672 commovet,omnes
1674 635 1715 666 ad
1730 632 1782 671 lis-⁶

67 691 122 718 tus
130 677 338 717 convolant,
353 670 494 714 reticula
510 675 581 711 lino
593 672 722 712 intexta
737 676 773 711 in
782 677 940 712 manibus
959 687 1117 725 gerentes
1127 691 1139 723 3
1154 673 1282 714 Ventis
1301 680 1427 715 deinde
1437 680 1556 716 sedatis
1567 680 1602 716 ὅ(
1612 677 1782 719 fluetibus,

67 739 110 765 ex
122 728 236 764 fundo
247 726 423 762 succinum
433 725 606 760 hauriunt.
649 724 700 759 lta
713 724 862 773 Agricol.
874 725 972 762 inlib.
990 728 1033 761 de
1042 723 1140 762 soffil.
1192 727 1242 761 Ex
1250 738 1321 774 quo
1332 737 1443 774 patet,
1459 728 1634 776 succinum
1650 740 1722 762 non
1731 736 1782 762 ar-

66 778 194 814 borum
214 772 352 811 succum
365 772 430 809 effe
444 796 455 813 ,
470 783 508 808 ut
515 772 655 820 quidam
664 772 854 808 existimant
864 794 875 814 ,
888 772 1008 809 nullibi
1025 773 1116 809 enim
1126 773 1214 810 stant
1224 775 1242 810 a
1250 776 1334 811 mari
1342 771 1501 811 stillantes
1510 776 1623 812 relinis
1633 778 1784 815 arbores,

93 836 144 862 uae
156 823 320 861 decidant
332 822 368 857 in
377 832 489 860 mare,
506 831 544 856 ut
553 832 594 857 ex
603 821 641 856 iis
660 820 718 856 fiat
729 821 905 857 succinum
919 834 930 867 3
945 832 1011 857 nec
1021 830 1064 857 ex
1073 821 1200 858 semine
1206 822 1346 858 Balaenae
1354 833 1555 873 generatur,
1571 826 1626 860 sed
1635 830 1784 860 concre-

66 837 127 910 {it
141 883 184 909 ex
203 870 340 908 diverlis
353 880 449 905 terrae
463 869 653 917 liquoribus
670 879 751 904 cum
765 880 861 917 aquae
873 870 1011 906 marinae
1024 892 1034 910 ,
1054 871 1269 906 bituminosae
1287 871 1324 908 ὅ(
1337 872 1525 920 sulphurea:
1540 873 1784 921 permixtione.

65 920 200 958 Colore
213 919 382 967 reperitur
389 917 443 954 vel
454 916 563 957 flavo,
580 917 634 953 vel
649 916 875 964 pellucidiore
885 940 897 958 ,
912 915 965 953 vel
976 916 1125 954 candido
1136 916 1348 965 &obscur03
1369 921 1556 956 candidum
1572 931 1688 956 autem
1708 928 1784 969 pre-

64 965 279 1006 tiofiffimum
297 964 355 1002 est.
404 965 444 1001 In
458 966 575 1002 littore
589 968 631 1001 ad
647 965 818 1002 Pucecam
835 965 1013 1002 cinereum
1028 965 1076 1002 est
1090 968 1268 1015 quondam
1285 967 1442 1004 effossum
1460 992 1470 1010 ,
1490 971 1588 1016 quod
1601 969 1784 1017 postquam
1825 989 1829 994 ·

63 1017 129 1055 fuit
143 1017 299 1053 attritum
315 1015 426 1054 ferro,
441 1013 524 1050 folia
538 1025 614 1062 quae
626 1014 723 1049 humi
727 1012 908 1060 jacebant,
922 1015 1073 1050 duorum
1082 1016 1214 1063 pedum
1230 1015 1336 1064 spatio
1351 1018 1448 1060 abiis¹
1456 1027 1632 1053 remotum
1642 1041 1652 1058 ,
1664 1018 1699 1053 in
1710 1018 1784 1054 sub-

62 1065 135 1102 limi
150 1064 276 1101 sublata
290 1065 333 1099 ad
353 1063 384 1098 se
393 1062 502 1099 traxit.
554 1061 910 1111 MedeturPodagrae‚
920 1063 1000 1110 quia
1015 1062 1122 1099 subtili
1134 1061 1242 1099 fluvio
1261 1076 1376 1100 acrem
1388 1060 1485 1101 illum
1498 1064 1783 1101 humoremtem-

87 1124 177 1155 erat,
193 1113 252 1162 qui
268 1112 407 1148 dolores
423 1112 583 1160 podagrae
598 1109 771 1147 conciliat.
822 1111 963 1146 Elicitur
979 1118 1020 1147 e'x
1030 1111 1170 1147 succino
1185 1112 1304 1148 oleum
1322 1114 1439 1162 magni
1455 1114 1489 1150 in
1503 1114 1678 1156 medicina
1693 1115 1782 1154 usus,

124 1163 215 1198 samo
225 1161 319 1197 enim
336 1158 552 1195 substituitur.
591 1156 689 1208 Peste
703 1169 884 1206 correptos
894 1158 1020 1208 septem
1035 1170 1141 1209 guttae
1147 1172 1229 1196 cum
1239 1173 1327 1209 aqua
1336 1161 1467 1197 Cardui
1479 1163 1603 1200 bened.
1615 1162 1650 1197 ὅ(
1661 1161 1722 1197 sale
1731 1175 1782 1198 ar-

60 1208 387 1248 temifiaerestituunt
397 1229 408 1248 ,
425 1206 461 1243 ὄ(
471 1206 572 1242 solius
583 1205 712 1247 suffitu,
729 1216 768 1242 ut
776 1206 922 1257 Doring.
939 1209 983 1243 de
997 1210 1081 1256 opio
1097 1208 1208 1244 leribit
1220 1232 1231 1250 ,
1244 1210 1348 1246 senex
1362 1211 1503 1258 quidam
1521 1212 1557 1246 in
1571 1220 1649 1246 arce
1661 1210 1781 1246 Alten,

62 1255 355 1309 burgenliConsul
363 1268 380 1291 a
407 1254 596 1303 oplefficus
605 1267 647 1291 ex
656 1256 776 1291 mortis
784 1254 1038 1304 praesentiffimo
1048 1256 1242 1295 discrimine
1252 1257 1452 1306 postlimino
1463 1259 1553 1306 quali
1561 1260 1604 1294 ad
1613 1259 1717 1294 vitam
1726 1270 1780 1294 re-

58 1307 206 1345 ¹v0⁷catus
217 1305 275 1344 est.
324 1305 350 1340 E
389 1304 461 1352 gies
469 1316 512 1339 ex
522 1315 566 1339 eo
575 1304 769 1340 formantur
776 1305 885 1352 pretio
891 1302 1026 1342 fiffimae.
1045 1305 1194 1341 Romani
1208 1307 1244 1341 in
1252 1307 1354 1342 tantis
1373 1307 1504 1343 deliciis
1519 1308 1579 1343 has
1590 1308 1780 1358 habebant,

62 1366 102 1392 ut
109 1355 261 1391 hominis
270 1355 424 1402 quamvis
433 1364 534 1400 parva
541 1350 673 1402 effigies
689 1353 849 1389 vivorum
863 1353 1050 1389 hominum
1066 1354 1174 1402 pretia
1189 1354 1376 1403 superaret,
1394 1362 1433 1391 ut
1448 1355 1588 1391 testatur
1598 1355 1769 1394 Plin.Hist

60 1405 186 1442 Natur.
196 1402 252 1439 sed
269 1404 312 1438 de
320 1401 374 1437 his
388 1401 474 1436 latis.

163 1464 316 1514 Quaestio
328 1475 423 1500 nunc
436 1463 472 1500 ὅ(
491 1462 673 1500 difficultas
689 1460 902 1512 potiffimum
917 1463 966 1500 est
980 1460 1149 1513 explicare
1161 1465 1325 1501 virtutem
1343 1464 1554 1507 elea-ticam,
1571 1469 1667 1515 quod
1684 1479 1780 1506 ante-

90 1525 169 1551 uam
178 1514 317 1552 taciam,
330 1523 433 1551 nota,
451 1524 523 1549 non
541 1512 650 1548 solum
660 1512 835 1549 succinum
847 1512 912 1548 sive
929 1509 1093 1549 electrum
1103 1513 1212 1561 pollet
1226 1514 1352 1551 virtute
1362 1522 1550 1563 corporum
1560 1517 1705 1552 aliorum
1715 1529 1779 1555 tra-

97 1564 167 1602 iva,
184 1558 479 1597 sedacaliafoffilia
494 1575 502 1596 ε
518 1561 598 1608 quia
616 1570 734 1596 tamen
744 1562 817 1596 haec
833 1560 940 1596 virtus
954 1561 989 1596 in
999 1573 1039 1597 ea
1053 1562 1225 1610 praecipue
1237 1563 1420 1610 reperitur,
1436 1565 1515 1598 ideo
1524 1564 1634 1600 virtus
1647 1565 1778 1603 eleem-

58 1621 118 1652 ca,
135 1609 172 1646 ὅ(
189 1608 423 1657 corporaipla,
438 1609 563 1656 quibus
577 1610 764 1658 competit,
780 1608 962 1645 ele&ricaa
989 1609 1176 1657 pellantur,
1193 1610 1276 1646 licut
1289 1621 1404 1646 autem
1422 1623 1495 1647 non
1514 1623 1624 1648 unum
1639 1613 1687 1649 est
1702 1627 1779 1651 cor-

56 1669 122 1707 pus
141 1656 298 1694 eleth-ica
316 1658 443 1693 virtute
458 1658 639 1705 praeditum
647 1678 657 1697 ,
673 1657 716 1692 ita
725 1668 799 1693 non
809 1669 918 1692 unum
935 1669 954 1692 e
991 1667 1118 1706 corpus
1128 1660 1224 1706 quod
1232 1660 1272 1694 ab
1283 1659 1321 1694 iis
1330 1660 1484 1699 trahitur,
1492 1661 1675 1697 trahuntur
1683 1665 1780 1700 enim

58 1716 136 1743 tum
143 1708 184 1742 ab
193 1705 319 1742 eleEtro
329 1727 340 1745 ,
357 1715 434 1741 tum
441 1708 482 1741 ab
491 1705 562 1741 aliis
577 1707 780 1754 corporibus
789 1706 1024 1751 bituminofis,
1033 1717 1107 1742 tum
1119 1707 1247 1742 etiama
1261 1704 1434 1755 plerisque
1440 1709 1590 1757 gemmis
1598 1711 1712 1746 omnis
1730 1713 1778 1748 le,

58 1754 98 1792 ῐέ
111 1754 248 1805 generis
265 1765 430 1799 corpora,
448 1754 558 1789 modo
568 1754 612 1790 ita
626 1754 833 1803 sintexigua,
849 1763 888 1789 ut
903 1754 1002 1790 facile
1015 1752 1144 1803 poffint
1154 1755 1341 1795 dimoveri,
1358 1754 1393 1792 ὅ(
1409 1766 1571 1803 praeterea
1585 1758 1642 1793 nili
1653 1759 1714 1795 lint
1730 1761 1779 1796 ni.

56 1804 124 1840 mis
138 1802 247 1839 calida
265 1800 540 1842 acinflammata,
555 1804 716 1849 adeoque
734 1814 807 1837 non
819 1801 922 1849 paleoe
941 1802 1050 1838 solum
1066 1802 1102 1840 ὅ(
1117 1803 1254 1840 festucae
1267 1823 1278 1845 ,
1295 1803 1353 1840 sed
1369 1805 1472 1841 etiarn
1488 1805 1621 1846 charta,
1634 1806 1780 1858 lignum,

55 1850 255 1895 metallum,
269 1850 606 1898 &praetereaomnes
621 1852 807 1888 humores:
825 1850 918 1887 Hinc
933 1851 970 1886 fit
1596 1856 1598 1858 ’
1644 1858 1661 1862 ’“

124 1950 127 1951 ⁷
154 1910 345 1947 Conclusio
359 1910 518 1947 secunda.
573 1911 637 1948 Vis
658 1912 816 1949 elefitrica
828 1924 903 1948 non
921 1911 1069 1948 confistit
1087 1910 1122 1947 in
1141 1910 1273 1961 speciali
1301 1921 1491 1962 corporum
1510 1914 1721 1950 trahentium
1741 1913 1778 1950 <Sc

54 1958 244 1996 mistorum
252 1960 461 2008 Sympathia.
514 1960 614 1996 Ratio
623 1961 688 2001 est,
705 1961 827 2009 quiain
836 1962 1040 2008 corporibus
1050 1960 1164 1998 nactis
1179 1973 1253 1996 non
1271 1960 1436 2009 spectatur
1444 1971 1564 1998 natura
1575 1982 1585 2002 ,
1601 1963 1659 1998 sed
1677 1963 1776 1998 aridi-

53 2018 107 2045 tas
123 2007 298 2046 &levitam
345 2008 512 2048 Accedit,
527 2009 624 2056 quod
641 2009 732 2045 nulla
750 2008 896 2044 affinitas
915 2009 1075 2056 explicari
1088 2008 1189 2057 poslit
1209 2011 1295 2045 intra
1309 2010 1456 2058 corpora
1477 2021 1547 2046 tam
1565 2011 1785 2058 diversorum*

53 2067 224 2107 generum
243 2066 283 2091 ac
295 2066 511 2097 naturarum,
525 2057 609 2092 ficut
622 2069 724 2106 ergo,
743 2057 822 2105 quia
836 2057 886 2093 vis
902 2056 1042 2093 tractiva
1050 2058 1227 2094 machinar
1235 2070 1295 2093 um
1311 2059 1355 2093 ad
1368 2059 1485 2094 omnia
1498 2061 1652 2107 pondera
1669 2060 1699 2094 se
1712 2065 1769 2095 ex-

54 2105 186 2145 tendit,
201 2114 308 2140 nemo
329 2105 411 2140 dicit
419 2116 496 2141 eam
511 2105 545 2140 in
553 2104 824 2154 Sympathiaeffe
839 2106 1095 2155 reponendam,
1111 2106 1157 2141 ita
1172 2107 1296 2154 pariter
1303 2107 1353 2141 vis
1362 2106 1390 2142 el
1396 2106 1519 2144 ethica
1527 2108 1562 2143 in
1570 2108 1767 2156 Sympathia

51 2154 255 2201 reponenda
269 2164 344 2189 non
361 2152 417 2188 est.
469 2153 645 2189 Secundo.
672 2166 738 2190 nec
751 2155 880 2190 modus
888 2153 944 2189 ille
952 2153 1088 2189 subfistit
1101 2177 1112 2194 ,
1127 2155 1293 2202 quemalii
1303 2154 1471 2190 statuuntt
1486 2157 1692 2191 reducentes
1700 2166 1766 2192 rra*

54 2201 211 2238 &ionem
220 2202 311 2236 hane
324 2203 368 2236 ad
385 2202 625 2238 vacuimetum
642 2215 653 2248 3
669 2203 793 2239 volunt
808 2202 901 2238 enim
909 2203 950 2238 ab
966 2203 1106 2238 effluvio
1120 2202 1236 2239 elefi‘tri
1249 2208 1364 2238 a'e'rem
1378 2204 1501 2251 expelli
1515 2228 1525 2244 ‚
1542 2204 1578 2240 <Sc
1592 2205 1768 2245 amoveri,

53 2250 91 2286 ἀ
105 2258 202 2286 metu
216 2250 316 2285 vacui
330 2249 492 2285 festucam
506 2261 581 2300 v.g.
595 2252 732 2287 adduci.
782 2250 918 2286 Contra
931 2252 1024 2287 enim
1039 2250 1087 2286 est
1101 2270 1112 2292 -,
1134 2252 1213 2299 quia
1233 2253 1360 2287 modus
1375 2252 1433 2287 hic
1447 2253 1532 2300 pure
1545 2251 1681 2288 fictitius
1697 2253 1744 2288 est
1754 2275 1765 2293 ,

51 2309 171 2334 annon
184 2298 279 2334 enim
291 2304 348 2333 ae'r
362 2298 505 2334 lateralis
519 2298 625 2348 longe
639 2300 770 2336 facilius
790 2309 984 2336 accurreret
997 2301 1039 2334 ad
1048 2311 1197 2335 vacuum
1210 2302 1454 2348 occupandum
1469 2320 1479 2341 ,
1496 2302 1598 2348 quam
1614 2300 1763 2340 festuca?
1820 2319 1823 2322 ·

53 2357 300 2396 praeterquam,
317 2347 413 2394 quod
424 2346 470 2384 nil
485 2346 664 2384 semoveat
677 2350 719 2385 ab
734 2346 917 2384 intrinseco
930 2356 1026 2383 metu
1036 2348 1137 2384 vacui
1150 2370 1161 2390 ,
1177 2350 1233 2384 led
1243 2358 1379 2384 tantum
1395 2359 1579 2386 moveatur
1585 2351 1627 2385 ab
1636 2351 1767 2396 exn-ina,

53 2395 133 2433 seco
144 2396 189 2433 ad
202 2406 352 2431 vacuum
367 2395 639 2443 impediendum.
693 2398 812 2445 Qate
825 2396 862 2432 lit

147 2455 335 2493 Conclufio
352 2456 460 2492 tertia.
497 2455 561 2491 Vis
575 2455 730 2491 elefflica
746 2455 988 2504 perhalituum
1003 2449 1218 2493 emiliionem
1235 2454 1254 2492 e
1271 2464 1419 2505 corpore
1434 2452 1594 2493 eleetrico
1613 2453 1702 2493 bene
1720 2464 1764 2493 ex

51 2504 207 2557 plicatur.
248 2504 349 2540 Ratio
364 2503 411 2540 est
424 2504 556 2552 primo,
577 2504 657 2552 quia
673 2503 838 2540 electrum
854 2516 928 2540 non
941 2505 1050 2541 exerit
1066 2506 1137 2540 vim
1152 2505 1328 2542 tra&ivam
1342 2527 1353 2545 ,
1369 2506 1426 2541 uili
1440 2505 1582 2541 modico
1599 2506 1713 2541 calore
1727 2507 1765 2543 ὅς

55 2552 190 2592 affri&u
207 2553 393 2592 excitetur,
408 2551 559 2589 afflictus
572 2563 656 2588 vero
669 2553 806 2589 videtur
813 2552 1034 2593 necessarius,
1043 2561 1081 2589 ut
1093 2554 1169 2602 pori
1178 2554 1195 2589 a
1206 2554 1348 2602 pulvere
1357 2562 1519 2590 extraneo
1530 2564 1706 2602 tergantur
1714 2563 1764 2590 at·-

50 2601 368 2652 queitaapertiores
377 2600 457 2641 sint,
473 2600 725 2640 calorvero,ut
737 2612 813 2649 pars
828 2602 983 2650 corporis
999 2610 1197 2638 attenuetur
1211 2603 1245 2638 in
1256 2601 1399 2638 halitum
1415 2603 1450 2638 ὅ(
1466 2602 1625 2650 exspiret,
1641 2613 1763 2650 quem>-

50 2650 243 2689 admodum
263 2649 357 2685 enim
378 2650 514 2685 effluvia
529 2648 695 2688 odorosa,
713 2650 758 2684 ita
767 2649 930 2686 Eleehica
943 2661 1004 2698 per
1012 2647 1162 2685 calorem
1173 2651 1350 2698 exspirant.
1381 2651 1566 2691 Secundo,
1587 2651 1763 2698 quiadum

51 2700 230 2736 succinum
245 2707 468 2746 praeparatum
485 2696 678 2733 tenuislimo
692 2697 822 2746 pulveri
837 2700 1062 2738 admovetur,
1073 2698 1167 2734 illum
1179 2700 1247 2734 huc
1269 2698 1349 2734 illuc
1366 2700 1503 2748 spargit,
1516 2701 1613 2747 quod
1631 2699 1678 2734 est
1693 2699 1763 2734 evi·-

50 2750 137 2785 dens
146 2746 278 2802 iignum
287 2746 500 2794 erumpentis
508 2745 656 2786 effluvii,
673 2756 838 2793 tanquam
850 2746 982 2782 ventuli
1000 2747 1177 2794 pulverem
1193 2746 1403 2794 disjicientis.
1451 2748 1536 2782 Hoc
1555 2758 1637 2782 vero
1650 2747 1761 2795 posito

49 2796 150 2834 facile
167 2793 385 2842 intelligitur,
427 2796 586 2830 uomodo
601 2795 642 2829 ab
657 2795 722 2831 hac
731 2794 796 2842 ipsa
813 2795 1035 2842 exspiratione
1043 2795 1380 2843 perficiaturtraffio,
1393 2793 1516 2831 halitus
1527 2796 1618 2830 enim
1631 2796 1758 2830 hicum

53 2842 207 2894 uliginosi
224 2841 305 2882 lint,
318 2840 354 2878 ὃ(
367 2842 399 2877 vi
416 2842 528 2877 colam
544 2843 766 2878 tenacitatem
781 2843 816 2878 in
832 2842 862 2878 se
879 2845 1027 2879 habeant
1038 2865 1049 2883 ,
1063 2843 1267 2880 festucarum
1284 2843 1483 2891 corpuscula
1502 2843 1556 2878 libi
1573 2843 1758 2890 implicant.

53 2893 211 2931 Deinde,
231 2890 312 2926 etim
329 2890 498 2926 hihalitus
514 2890 569 2926 sua
586 2891 733 2926 habeant
746 2890 911 2931 filamina,
926 2891 1081 2938 qualiain
1094 2893 1194 2927 fumo
1209 2892 1325 2939 aperte
1337 2892 1583 2939 conspicimus,
1598 2892 1690 2938 poris
1700 2893 1757 2928 ada

52 2939 238 2979 haerentia,
250 2938 288 2975 ὅ(
303 2950 384 2974 cum
401 2940 531 2986 impetu
547 2948 745 2986 erumpant,
762 2937 819 2979 fit,
838 2949 876 2975 ut
890 2940 966 2987 post
979 2939 1124 2982 validam
1141 2941 1400 2980 tensionem,cx
1416 2940 1524 2986 prima
1539 2939 1593 2974 illa
1609 2936 1756 2974 emissio-

55 3002 100 3026 ne
109 2989 295 3025 derivatam
305 3009 316 3027 ,
326 2986 434 3022 statim
443 2989 585 3030 redeant
593 2988 695 3023 etiam
707 2998 787 3022 cum
798 2987 928 3035 impetu
937 2989 1042 3035 idque
1052 3000 1095 3023 eo
1105 2991 1216 3024 modo
1224 3011 1234 3028 ,
1242 2999 1313 3035 quo
1322 2987 1443 3023 fidium
1455 2988 1595 3023 chordae
1611 2988 1758 3026 nimium

53 3037 173 3078 tensae,
186 3046 226 3072 ac
234 3035 364 3072 deinde
371 3034 559 3074 flbirelictae
572 3034 638 3074 sese
645 3034 738 3072 illico
747 3035 828 3071 cum
837 3036 968 3085 impetu
977 3037 1020 3073 ad
1033 3035 1390 3085 prioremmensuram
1403 3035 1589 3073 reducunt.

914 3127 978 3169 Kk
1166 3184 1171 3191 .
1277 3188 1281 3189 ⁷
1424 3176 1427 3179 .
1545 3188 1548 3192 ι
1627 3131 1675 3168 Ex
1683 3140 1754 3179 quo
