2087 3610
619 230 1186 303 Phnosophico-Pontica.
1688 249 1756 302 57

590 349 741 432 QU
761 348 847 414 AE
869 348 909 414 s
929 348 1041 414 TI
1063 347 1130 414 o
1173 347 1215 412 1.

166 494 248 548 De
269 491 483 543 Cometis
493 493 550 540 in
552 508 728 564 genere
741 527 758 548 ,
770 508 1021 563 eorumque
1030 483 1271 566 divisione
1281 527 1297 549 ,
1308 509 1366 542 ac
1377 487 1475 542 loco
1478 508 1625 564 gene-

780 590 1010 627 rattoms.

155 698 435 774 ἧξῠηεῐυῐίο
443 700 568 737 Prima.
617 700 769 737 Cometa
776 698 912 749 vulgoa
925 699 1035 736 comis
1051 699 1352 736 nomenclaturam
1361 701 1498 737 trahere
1514 700 1598 739 solet
1619 724 1630 743 ,
1657 703 1755 750 quod

291 751 328 786 sit
337 749 592 790 stellacomata,
602 749 668 786 sive
677 749 798 786 crinita
806 759 988 785 comarum
1005 747 1106 783 instar
1122 748 1238 784 lucem
1253 747 1463 785 diffundens·
1534 751 1622 786 Haec
1637 760 1756 787 tamen

291 797 492 834 definitioin
512 809 643 853 genere
665 798 700 834 in
714 796 873 846 ampliori
897 795 1147 845 significatione
1161 798 1362 845 accipienda
1377 797 1442 837 est,
1460 809 1506 833 ne
1522 810 1628 834 unam
1643 798 1758 836 solum

291 847 545 883 Phoenomems
564 846 713 883 coelestis
729 845 877 895 speciem
891 844 1058 894 significet
1069 867 1079 884 ,
1106 856 1234 893 nempe
1248 845 1375 881 stellam
1390 856 1563 882 comatam
1582 846 1638 882 seu
1655 847 1756 883 crini-

289 906 359 931 tam
369 918 379 936 ,
388 894 424 931 ὅ(
433 906 506 930 non
514 894 618 931 etiam
626 895 706 931 alias
715 893 841 943 species
849 893 1111 941 complectatur.
1120 893 1227 929 Unde
1233 894 1287 929 alii
1303 894 1345 930 sic
1354 905 1435 929 eum
1451 894 1663 931 describunt:
1679 895 1753 932 Co-

290 953 383 980 meta
393 942 441 979 est
453 942 722 979 Phaenornenon
737 951 962 991 perpetuum,
979 942 1014 977 in
1027 941 1122 978 coelo
1144 953 1311 990 apparens
1325 942 1468 978 subinde
1483 945 1686 986 caudarum,
1698 943 1756 981 vel

40 993 202 1031 crinitum
211 1014 222 1033 ,
229 1001 288 1028 aut
295 993 484 1031 barbatum.
534 992 584 1028 Ex
594 1003 666 1041 quo
674 991 860 1027 deducitur

137 1059 326 1098 Conclusio
335 1060 515 1097 Secunda=
539 1058 794 1108 Cometajuxta
801 1060 966 1097 diversam
975 1060 1091 1110 figurae
1106 1061 1348 1098 habitudinem
1363 1062 1453 1098 bene
1467 1063 1673 1100 dividiturin
1687 1065 1752 1102 cri-

43 1109 356 1149 nitum,barbatum
364 1130 375 1149 ,
384 1108 420 1145 ὅ(
429 1110 626 1146 caudatum.
676 1110 711 1145 Si
719 1109 812 1145 enim
821 1109 934 1145 radios
944 1109 978 1145 in
987 1112 1110 1146 orbem
1120 1110 1393 1159 circumquaque
1401 1108 1576 1159 projestos
1583 1113 1754 1155 habet,di-

43 1160 130 1195 citur
139 1167 296 1194 comatus
305 1156 357 1193 vel
368 1157 529 1204 crinitu53
553 1158 574 1194 si
584 1160 618 1194 in
628 1170 732 1194 unam
741 1157 876 1194 tantum
884 1168 1017 1206 partem
1032 1158 1222 1199 diffundat,
1242 1158 1349 1206 idque
1365 1159 1505 1207 procul,
1520 1161 1685 1197 caudatus
1700 1176 1712 1208 3
1737 1162 1760 1200 si

40 1207 182 1244 modico
192 1206 325 1241 tantum
337 1204 453 1254 spatio,
467 1206 750 1243 barbatusvocari
759 1205 949 1243 consuevit.
999 1207 1066 1243 Alii
1087 1218 1217 1243 novem
1235 1217 1454 1243 cometarum
1473 1208 1598 1257 speeies
1610 1213 1764 1247 tradunt.

40 1254 202 1292 Albertus
213 1253 323 1292 M.1.1.
331 1264 372 1292 tr,
380 1265 403 1300 3.
412 1265 486 1302 cap.
498 1267 547 1294 ιο.
557 1256 713 1304 quinque
722 1264 882 1291 numerat
892 1267 905 1301 3
927 1255 1057 1292 Plinius
1069 1259 1213 1292 demum
1224 1255 1247 1294 1.
1257 1268 1287 1291 2.
1299 1268 1331 1292 c.
1338 1267 1386 1302 25.
1397 1257 1540 1298 decem,
1561 1268 1637 1305 quae
1644 1268 1764 1299 tamen

42 1313 166 1340 omnes
174 1302 268 1339 reste
276 1303 318 1338 ad
328 1304 388 1338 has
404 1312 472 1338 tres
480 1314 701 1340 revocantur.

137 1377 204 1415 His
211 1376 327 1426 positis
336 1377 425 1412 ordo
439 1377 580 1425 quidem
589 1376 761 1425 posceret,
774 1384 815 1412 ut
823 1375 984 1411 omnium
993 1375 1106 1423 primo
1116 1376 1151 1411 in
1161 1387 1286 1412 eorum
1296 1376 1432 1413 causam
1444 1378 1656 1416 materialem
1667 1380 1705 1418 ὅ(
1713 1381 1763 1418 ef-

39 1426 217 1465 ficientem
228 1427 482 1473 inquireremus
490 1448 500 1465 ,
509 1437 630 1461 verum
639 1425 721 1473 quia
729 1423 960 1461 controversia
969 1422 1071 1471 hujus
1080 1435 1122 1460 ex
1130 1424 1212 1460 loco
1220 1425 1274 1465 ,in
1284 1437 1355 1472 quo
1365 1435 1513 1462 cometae
1534 1439 1764 1475 generantur,

38 1473 252 1526 potissimum
262 1475 454 1521 dependet,
468 1486 510 1509 an
519 1473 646 1521 nempe
655 1474 689 1508 in
698 1473 769 1521 ipso
779 1472 893 1512 coelo,
907 1471 961 1507 vel
980 1473 1014 1507 in
1035 1471 1190 1519 suprema
1204 1474 1349 1522 regione
1365 1474 1451 1509 aeris
1458 1485 1688 1522 generentur,
1704 1490 1766 1514 ne-

39 1524 217 1562 cessarium
225 1523 299 1561 fuit,
316 1522 576 1557 conclusionem
585 1521 718 1557 deloco
727 1521 953 1569 praemittere3
966 1521 1037 1556 hoc
1046 1521 1140 1555 enim
1154 1521 1343 1556 constituto
1351 1543 1362 1562 2
1382 1522 1478 1558 haud
1496 1522 1635 1560 difficile
1644 1527 1763 1568 cadet,

41 1583 218 1658 ῧφοῃῗο
224 1570 339 1619 quaest.
348 1570 557 1619 sequenti,ex
565 1582 633 1619 qua
640 1569 782 1606 materia
791 1567 875 1605 fiant
885 1578 979 1604 tanta
990 1580 1147 1617 corpora,
1160 1569 1196 1604 ὅ(
1203 1580 1279 1617 quae
1287 1569 1427 1606 illorum
1443 1569 1480 1606 sit
1489 1573 1587 1610 causa
1595 1572 1763 1613 efficiens.

79 1623 148 1658 nde
177 1630 203 1656 it

143 1685 332 1724 Conclusio
340 1684 468 1721 Tertia.
518 1683 655 1723 Locus,
672 1683 708 1719 in
722 1693 794 1730 quo
808 1680 898 1717 fiunt
912 1689 1061 1716 cornetae
1081 1681 1220 1730 proprie
1236 1681 1316 1717 dieti
1326 1705 1336 1722 ,
1354 1681 1401 1719 est
1411 1682 1543 1720 coelum
1560 1687 1764 1733 aethereum.

44 1736 148 1772 unde
156 1735 226 1770 veri
235 1745 359 1770 ornnes
367 1733 553 1781 &legitimi
562 1741 709 1767 cornetae
719 1731 795 1766 sunt
806 1730 901 1778 supra
908 1729 1111 1767 Lunam‚1ta
1117 1731 1535 1769 recentioresAstronomi
1544 1735 1617 1772 fere
1625 1748 1762 1777 omnes,

39 1785 206 1832 Qorum
223 1783 373 1819 rationes
389 1780 560 1829 praecipue
577 1780 660 1815 sunt.
709 1778 846 1819 Primo,
873 1789 915 1814 ex
931 1777 1160 1826 paralaxibus,
1180 1789 1265 1826 quas
1282 1791 1429 1816 cometa:
1443 1782 1597 1819 minores
1613 1786 1762 1830 habent,

69 1844 148 1868 uam
165 1831 284 1876 Luna3
296 1830 392 1878 quod
401 1839 645 1878 argumentum
655 1826 702 1863 est
710 1824 932 1863 certiffimum
941 1824 1079 1873 majoris
1089 1826 1253 1862 distantiae
1270 1839 1487 1865 cometarum
1497 1831 1515 1866 a
1524 1833 1622 1868 terris
1630 1856 1641 1874 ,
1657 1836 1763 1883 quam

42 1844 172 1917 {unaez
197 1879 357 1928 Corpora
374 1878 467 1914 enirn
481 1875 649 1924 majorem
660 1876 825 1911 exhibent
837 1874 1037 1922 paralaxim,
1056 1887 1127 1922 quo
1156 1874 1232 1911 sunt
1246 1875 1375 1912 altiora.
1427 1878 1523 1914 Hinc
1537 1883 1677 1930 proprie
1685 1885 1767 1922 diffi

42 1939 191 1966 cometae
199 1929 329 1964 eodem
338 1926 448 1961 modo
459 1925 626 1961 observati
635 1924 710 1960 sunt
719 1925 754 1959 in
762 1923 861 1959 India
875 1922 1054 1962 Orientali,
1065 1933 1104 1959 ut
1112 1924 1148 1958 in
1160 1924 1315 1972 Europa3
1333 1925 1389 1961 sed
1398 1938 1472 1962 non
1480 1927 1525 1963 ita
1534 1928 1616 1965 esset
1626 1953 1637 1970 ,
1651 1931 1673 1966 si
1687 1944 1764 1971 non

40 1978 77 2014 in
86 1977 192 2016 coelo,
213 1975 270 2012 sed
289 1976 324 2011 in
338 1979 417 2010 a'e're
434 1972 618 2009 extitissent
632 1985 643 2018 3
675 1972 697 2008 si
707 1972 845 2008 enimin
858 1977 938 2012 aere
955 1970 1138 2007 extitissent
1152 1995 1161 2012 ‚
1179 1985 1251 2008 non
1262 1973 1422 2020 possenta
1431 1984 1501 2010 tam
1511 1977 1632 2013 diverfi
1640 1983 1765 2019 mundi

39 2026 190 2075 partibus
201 2025 327 2060 eodem
336 2023 446 2058 modo
455 2021 635 2057 observari.
685 2019 850 2057 Secundo
860 2020 991 2055 eruitur
1000 2021 1071 2056 hoc
1081 2031 1122 2055 ex
1131 2019 1381 2058 ordinatiffimo
1392 2032 1589 2064 motu,tum
1598 2030 1763 2076 proprio,

42 2084 118 2110 tum
128 2075 267 2113 diurno,
274 2072 352 2120 quia
362 2071 478 2118 saepius
486 2079 633 2106 cometae
644 2070 774 2105 habent
780 2078 920 2104 motum
934 2068 1146 2117 regularem,
1155 2080 1199 2104 eo
1209 2071 1320 2105 modo
1328 2094 1339 2111 ‚
1357 2082 1429 2119 quo
1443 2083 1632 2111 moventur
1641 2076 1757 2118 sidera.

39 2123 120 2159 'lmo
130 2122 314 2170 aliquando
332 2119 450 2156 exacte
458 2118 560 2155 talem
571 2118 616 2153 sui
626 2118 744 2153 motus
754 2118 915 2153 ordinem
924 2126 1064 2157 tenent,
1083 2127 1122 2152 ut
1137 2118 1227 2153 inter
1235 2119 1324 2154 duos
1332 2120 1487 2168 tropicos
1502 2121 1599 2158 suum
1615 2135 1757 2164 motum

41 2180 215 2220 peragant.
243 2170 338 2205 Hinc
346 2168 456 2216 aliqua
466 2178 622 2202 meteora
633 2175 840 2202 moveantur
855 2165 1050 2201 inordinate
1059 2178 1099 2201 ac
1107 2166 1346 2208 tumultuarie,
1355 2179 1494 2205 cometa
1501 2179 1618 2208 tamen
1628 2172 1755 2211 sicmo-

42 2229 179 2258 ventur‚
192 2228 231 2254 ut
238 2229 416 2266 nunquam
426 2214 612 2251 defleffant
620 2216 637 2250 ἓι
647 2214 776 2251 circulo
785 2214 938 2250 maximo
948 2215 1125 2250 dividente
1134 2215 1265 2251 coelum
1275 2216 1310 2251 in
1319 2218 1404 2252 duas
1411 2227 1524 2265 partes
1539 2222 1702 2268 aequales,
1715 2224 1754 2260 fi.

43 2278 245 2317 gnumergo
259 2266 325 2306 est,
340 2265 416 2301 illos
430 2265 464 2300 in
479 2264 571 2300 coelo
587 2262 663 2299 esse.
717 2262 839 2299 Tertio
855 2261 1029 2311 colligitur
1045 2264 1114 2299 hoc
1129 2274 1172 2299 ex
1189 2273 1268 2300 ortu
1282 2264 1319 2300 ὅ(
1332 2265 1455 2302 occasu
1471 2278 1687 2306 cometarum
1697 2295 1707 2312 ,
1733 2273 1757 2309 si

46 2316 140 2352 enirn
150 2315 196 2350 illi
206 2313 312 2351 essent
320 2315 355 2350 in
371 2319 459 2354 aere,
467 2309 662 2349 brevissimo
671 2312 864 2347 admodum
875 2321 1076 2359 apparerent
1084 2321 1263 2360 tempore3
1281 2313 1423 2362 spatium
1434 2316 1527 2350 enim
1538 2317 1755 2358 conficerent

44 2361 478 2410 breviffimum‚&propter
509 2361 779 2413 ropInquitatem
786 2359 1160 2397 viderenturvelociter
1169 2363 1305 2399 moveri
1319 2375 1330 2408 ;
1357 2363 1439 2399 cum
1453 2373 1571 2402 tamen
1586 2368 1682 2404 tarde
1696 2381 1754 2419 ap.

43 2423 184 2462 pareant
191 2412 334 2452 moveri,
343 2411 425 2447 sicut
440 2410 487 2446 ste
502 2409 540 2445 1ae
550 2412 623 2445 hxae
633 2421 675 2445 ex
688 2408 882 2447 duratione.

142 2488 281 2538 Qibus
290 2489 448 2525 crnnibus
462 2490 672 2539 argumentis
681 2487 918 2527 efficacissimis
926 2491 1038 2538 potest
1045 2491 1147 2528 etiam
1156 2492 1236 2528 addi
1243 2492 1331 2530 ratio
1340 2494 1382 2530 ab
1389 2494 1599 2534 authoritate
1606 2497 1755 2536 Nobilis-

45 2536 206 2573 simorum
216 2536 480 2586 Astrologorum
490 2551 659 2586 ,quorum
675 2539 1032 2587 diligens&accurata
1046 2540 1238 2577 observatio
1252 2553 1327 2578 rem
1348 2543 1430 2580 facit
1437 2545 1572 2592 prorsus
1582 2547 1753 2585 indubita-

44 2595 126 2621 tam.
176 2585 229 2621 Sic
238 2586 330 2620 enim
339 2585 524 2622 observasse
534 2587 564 2621 se
607 2586 842 2623 rofitenturde
857 2587 915 2623 illo
930 2599 1085 2630 cometa,
1101 2590 1161 2637 qui
1175 2591 1330 2638 apparuit
1343 2604 1437 2628 anno
1453 2604 1537 2639 ¹577·
1563 2595 1753 2633 Cornelius

45 2633 204 2673 Gemma,
211 2633 335 2681 Tycho
345 2636 463 2674 Brahe,
474 2599 688 2681 Moestlinus3
704 2637 748 2671 de
757 2636 826 2676 illo,
835 2636 893 2684 qui
901 2638 1054 2684 apparuit
1063 2649 1155 2673 anno
1165 2645 1250 2686 1584.
1257 2639 1382 2687 Tycho
1391 2640 1427 2678 ὅ(
1436 2641 1696 2690 Rothmannus3
1704 2646 1749 2681 de

0 2713 2 2721 k
46 2693 101 2721 eo,
110 2693 214 2729 quem
224 2682 576 2730 conspexeruntanno
587 2690 667 2724 1618.
682 2684 869 2733 Keplerus,
885 2684 1045 2732 Cysatus,
1060 2685 1252 2728 Puteanus,
1262 2687 1330 2724 &c.
1357 2690 1414 2725 De
1429 2701 1564 2738 nupero
1579 2692 1751 2740 denique',

47 2730 103 2776 qui
113 2741 204 2765 anno
212 2733 290 2771 1681.
301 2741 397 2766 ortus
414 2731 472 2771 est,
489 2743 612 2767 omnes
623 2744 694 2767 uno
703 2732 886 2773 consensu,
907 2742 1085 2781 quotquot
1098 2745 1179 2770 eum
1196 2735 1445 2785 philosophicis
1459 2740 1570 2775 oculis
1588 2732 1749 2777 contem-

0 2789 2 2795 >
46 2777 125 2824 plati
134 2777 218 2814 sunt.
268 2780 370 2814 Unde
381 2780 580 2816 incredibile
594 2779 641 2815 est
648 2780 740 2816 viros
747 2791 801 2817 tot
812 2781 954 2829 tzimque
973 2781 1114 2824 clodos,
1129 2783 1164 2820 ὅ(
1174 2784 1256 2820 huic
1265 2785 1313 2820 rei
1322 2786 1539 2834 explorandae
1548 2798 1591 2823 ex
1621 2789 1748 2826 rofesso

0 2827 4 2865 ξ·
48 2825 213 2866 addictos,
221 2838 341 2866 errare,
350 2827 384 2862 &
394 2839 460 2876 prae
468 2829 506 2863 iis
515 2829 668 2876 quidem,
677 2829 735 2877 qui
745 2830 818 2866 tota
828 2828 932 2865 no&e
939 2831 1112 2878 profunde
1121 2831 1281 2874 stertunt,
1298 2832 1335 2870 ὅ(
1343 2835 1400 2870 ubi
1409 2835 1518 2870 modo
1526 2836 1588 2870 Ari
1617 2837 1749 2876 otelem

1 2880 3 2887 ·
50 2872 264 2928 perlegerint,
274 2876 343 2910 hoc
353 2887 424 2911 uno
433 2887 658 2926 argumento:
681 2877 843 2924 Arrstoteles
857 2889 960 2927 negat;
972 2881 1133 2927 permoti,
1140 2881 1345 2931 Astrologos
1359 2882 1639 2921 falliexclamant.
1649 2886 1747 2935 Qa-

2 2956 4 2973 Ζ
51 2931 89 2956 re
97 2921 155 2956 ubi
162 2923 275 2969 aperte
283 2923 405 2959 veritas
414 2925 623 2973 deprehensa
631 2926 827 2975 oppositum
836 2928 953 2967 docet,
969 2928 1113 2965 minime
1120 2930 1310 2966 authoritas
1317 2930 1517 2979 Philosophi
1532 2943 1676 2970 movere
1683 2937 1745 2972 de.

2 2993 5 3027 ὶ
47 2970 120 3008 bet,
129 2969 336 3007 excusandus
345 2982 460 3008 tamen
468 2975 615 3009 omnino
627 2974 665 3015 is,
673 2976 751 3023 quia
759 2973 832 3022 ejus
841 2976 1056 3023 temporibus
1072 2979 1233 3014 nondum
1249 2988 1346 3015 erant
1359 2980 1569 3027 deprehensa
1582 2991 1636 3018 tot
1651 2995 1746 3021 nova

3 3033 6 3075 ἶ
50 3015 173 3056 sidera,
187 3029 299 3102 neq—ne
308 3021 503 3058 exanimatae
512 3023 691 3071 paralaxes.
739 3024 964 3073 Qamquam
981 3024 1017 3063 ὅ(
1030 3026 1128 3064 hunc
1139 3039 1203 3076 pro
1216 3026 1330 3065 nostra
1346 3027 1512 3067 sententia
1524 3028 1610 3068 stare
1623 3032 1742 3069 multis

50 3065 234 3102 contendit
271 3077 388 3115 ycetus
395 3067 418 3114 1,
431 3081 454 3106 ι.
464 3072 508 3108 de
523 3071 623 3109 novis
630 3071 733 3110 Astris
741 3084 771 3110 c.
781 3083 833 3120 41·

1055 3187 1093 3225 H
1650 3195 1750 3235 Con-
