2087 3610
314 201 396 253 74
1001 178 1365 249 Meteorologia

833 302 1526 359 APPENDIX.

404 409 730 458 Uaeriainonpaucis
740 407 840 447 solet,
857 418 942 441 num
951 404 1042 440 stella
1054 426 1064 444 ,
1086 414 1163 451 quae
1181 412 1302 451 magos
1321 401 1419 435 duxit
1434 401 1478 434 ad
1499 400 1645 448 praesepe
1663 398 1808 435 Domini
1826 407 1966 434 cometa
1984 398 2035 434 fu-

321 425 508 546 Qrit,
521 459 575 496 vei
588 459 730 506 aliquod
742 456 833 491 aliud
857 453 982 489 illustre
998 462 1199 487 meteoron.
1273 450 1366 484 Huic
1384 448 1522 496 quaefito
1539 448 1747 483 satisfaciunt
1767 447 2036 482 Conimbricen-

436 509 475 545 'es
483 509 501 550 ,'
509 508 671 557 negando
681 505 797 553 quoad
813 504 957 551 primam
966 510 1098 549 partem
1106 499 1235 534 stellam
1243 499 1334 533 hanc
1342 496 1438 531 tuisse
1448 506 1622 532 cometam
1631 519 1641 536 ,
1651 508 1733 531 cum
1742 507 1792 535 ea,
1801 507 1876 542 quae
1885 496 1929 529 de
1939 505 2037 529 natu-

320 571 357 595 ra
372 558 408 594 &
424 557 567 607 ingenio
576 563 812 591 cometarum,
829 553 873 585 de
884 549 1023 585 illorum
1039 559 1140 583 motu
1156 548 1192 583 ὅ(
1212 545 1449 582 evanescentia
1459 544 1515 580 sub
1525 545 1650 579 diurno
1665 543 2003 578 lumine&distantia
2020 543 2040 578 it

324 608 422 643 terris
431 606 520 642 dieta
529 604 604 639 sunt
612 626 622 643 ,
631 601 775 637 minime
784 598 974 634 huicstellae
982 598 1207 633 conveniant.
1260 595 1347 630 Haec
1357 594 1451 628 enim
1470 593 1624 633 biennio,
1635 602 1672 628 ut
1679 592 1820 639 quidam
1829 591 1954 627 volunt
1969 591 2039 638 spe-

318 655 480 692 &andam
495 654 526 688 se
534 660 703 700 perpetuo
714 659 785 684 tam
793 646 1056 694 interdiu-quam
1072 644 1180 680 noe‘cu
1191 644 1293 678 dabat
1303 652 1400 677 tanto
1410 641 1601 689 splendore,
1611 651 1650 676 ut
1662 640 1725 675 alia
1735 639 1816 675 coeii
1825 639 1956 675 lumina
1963 640 2039 674 vin·

321 713 436 748 ceret3
461 701 700 737 occultabatur
712 720 723 738 ,
752 698 836 731 dum
846 706 934 743 opus
952 704 1039 734 erat,
1057 694 1173 741 eoque
1188 692 1219 727 se
1235 692 1270 726 in
1285 701 1411 726 terram
1425 689 1557 725 demifit
1572 699 1610 725 ut
1627 689 1758 736 Ephebi
1775 687 1875 723 instar
1884 688 2037 736 Regibus

317 752 521 800 praeluceret
529 750 603 784 face
611 743 999 793 viaimquemonstraret,
1010 743 1126 777 donec
1135 739 1324 776 constiterit
1334 738 1428 785 supra
1443 737 1638 785 speluncam
1654 737 1826 772 Neo-nati
1845 735 2039 777 Salvatoris‚

317 801 396 836 Fuit
410 799 514 848 igitur
522 797 725 832 Meteorum
737 793 891 841 quidem,
900 792 955 827 sed
966 790 1100 826 nullum
1111 801 1153 824 ex
1162 788 1330 824 ha&oenus
1340 786 1450 826 dietis,
1458 798 1580 822 verum
1588 785 1761 821 insolitum
1771 784 1872 832 plane
1881 784 1916 820 ὅ(
1927 783 2039 832 fingu-

612 843 650 884 li,
664 842 721 878 sed
730 840 900 889 Angelica
908 841 1034 876 virtute
1046 850 1087 873 ex
1096 837 1240 873 materia
1249 835 1418 871 sublunari
1429 833 1638 874 conflatum,
1656 833 1758 869 valde
1766 832 1891 868 illustre
1908 855 1919 872 ,
1941 833 2040 880 quod

318 850 388 885 lare
408 859 481 882 non
491 856 609 881 natura

318 871 444 945 Ang’eli
453 893 640 930 ministerio
655 892 689 926 in
704 891 869 925 inferiore
884 889 970 924 aeris
988 888 1133 934 regione
1150 885 1399 921 devehebatur.
1450 883 1500 918 Ita
1513 882 1750 918 communiter
1758 880 1889 916 SS.PP.
1904 880 2040 928 Qam-

316 946 368 980 vis
375 948 407 982 S.
417 944 539 997 Chfys.
547 943 647 978 hom.
657 942 686 976 6.
698 939 733 974 in
745 950 818 987 cap.
828 950 860 975 2.
870 937 997 974 Matth.
1007 935 1043 972 ὅ(
1067 935 1208 983 quidam
1216 933 1270 969 alii
1279 931 1490 971 existiment,
1504 929 1600 966 fuisse
1608 930 1795 980 Angelum,
1813 929 1873 978 qui
1880 930 1921 965 eft
1931 929 2041 979 figura

315 1002 519 1042 apparuerit,

586 1079 1177 1151 CONCLUSIO
1256 1074 1753 1144 POLITICA.

660 1198 1013 1273 Laboribus
1024 1224 1107 1268 ne
1119 1197 1260 1296 plus
1273 1198 1459 1290 aequo
1471 1213 1706 1288 gravet.
