2087 3610
324 230 409 299 156
973 230 1336 302 Meteorologia

326 321 407 355 dem
421 318 522 354 cedat
538 330 550 363 3
566 316 691 353 durum
705 318 790 354 'vero
804 316 893 365 quasi
907 316 1000 365 lapis.
1014 317 1136 366 Scalig.
1151 318 1270 356 Exere.
1285 329 1347 363 191.
1362 316 1382 353 s.
1397 330 1420 356 ι.
1435 317 1578 354 solidum
1597 319 1700 354 etiarn
1717 319 1923 361 in'Calicut‚
1939 320 1984 357 ita'
1998 330 2041 358 ut
2079 331 2081 341 ¹

328 369 365 403 in
380 368 512 414 Sportis
526 366 756 402 contineatur.
2006 402 2008 407 ,

376 414 565 452 Conclufio
579 415 709 462 quinta.
735 413 884 450 Effe—&us
897 413 1007 448 mellis
1021 413 1101 450 varii
1117 413 1209 452 sunt:
1232 414 1402 462 Imprimis
1418 414 1511 449 enim
1535 426 1661 462 corpus
1684 415 1787 451 melle
1809 414 1930 452 illitum
1946 438 1956 455 ,
1981 417 2037 453 etfi

327 464 503 503 exanime,
511 462 709 512 permultos
717 473 828 497 annos
838 461 954 497 servari
963 463 980 496 31
990 462 1182 509 pudredine
1195 462 1382 500 incolume,
1393 462 1588 498 Columella
1596 464 1708 501 tradit.
1738 464 1824 498 Ideo
1834 466 1924 512 apud
1932 476 2036 511 quos-

327 514 430 553 dam,
443 521 481 547 ut
494 512 620 547 author
633 510 680 546 est
694 511 918 557 Xenophon,
933 521 1010 545 mos
1025 511 1107 550 fuit,
1123 509 1305 558 sepeliendi
1321 521 1479 545 mortuos
1490 511 1523 545 in
1540 511 1663 557 melle3
1683 522 1809 546 naturae
1818 513 1909 547 enim
1921 522 2037 548 terreae

328 561 411 597 cum
430 560 484 600 fit,
498 569 610 607 partes
618 559 978 606 habetlicciores,quae
989 559 1174 594 humorem
1184 557 1409 606 luperfluum‚
1426 559 1460 594 ὅς
1471 559 1673 594 adscititium
1691 560 1884 605 exflccant3
1899 560 2037 596 aliunde
2079 582 2080 585 =

326 608 464 645 lentore
472 609 530 643 luo
540 607 692 655 corporu
701 617 806 654 poros
816 607 861 641 ita
869 605 999 654 stringit
1009 605 1043 641 ὅ(
1052 618 1211 654 occupat,
1222 617 1258 641 ut
1266 607 1413 641 humido
1422 607 1542 642 innato
1551 608 1601 642 vis
1611 608 1791 643 exhalandi
1799 608 2035 656 praecludatur.
2079 619 2080 641 i

327 658 419 705 Qae
432 657 519 691 ratio
535 656 625 695 facit,
639 655 736 702 quod
753 654 858 694 botri,
872 666 998 701 pruna,
1012 655 1195 702 caeterique
1207 654 1337 690 fruetus
1352 655 1444 689 melli
1459 665 1518 690 aut
1532 656 1633 690 etiam
1651 667 1736 691 cerae
1754 655 1889 704 liquatae
1904 656 2038 692 intinffl
2078 667 2080 696 l

326 706 478 754 plurium
492 705 596 739 etiam
611 714 784 749 annorum
800 703 903 749 spatio
917 703 1259 738 innoxii&recentes
1272 703 1456 738 serventur.
1507 703 1566 738 Ob
1575 706 1721 739 eandam
1735 705 1804 739 vim
1816 705 2040 741 calefaciendi
2078 724 2079 729 =

327 753 365 790 ὅ(
378 751 742 799 exliccandipituitolis
752 751 819 786 mel
828 751 999 798 optimum
1009 751 1354 796 est3abiliosisautem
1365 751 1399 786 in
1411 751 1513 786 bilem
1531 753 1685 787 vertitur.
1744 749 1967 788 Utiliffimum
1988 752 2039 789 di·
2078 765 2079 782 1

326 803 415 838 citur
428 800 549 836 contra
564 800 725 847 serpentis
742 800 904 845 morsum.
956 799 1503 847 Costumconstringitventrem;
1519 802 1666 835 crudum
1681 799 1790 836 solvit.
1815 800 2041 837 Praevetusta-

326 860 364 886 te
377 848 566 892 amarescit,
581 847 694 883 dulcia
709 848 800 882 enirn
817 848 978 883 acescunt
993 847 1068 896 post
1081 848 1228 895 partium
1245 847 1503 885 resolutionem.
1552 848 1654 884 Panis
1670 849 1761 884 mica
1771 847 2038 903 melliinjestail-

326 898 388 934 lud
402 895 609 944 corrumpit,
622 907 695 930 non
710 906 826 930 autem
841 896 958 934 farina.
1007 896 1137 931 Zenon
1150 908 1256 943 pane,
1273 908 1312 931 ac
1328 895 1449 941 melle3
1464 896 1673 944 Pythagoras
1688 896 1760 931 solo
1778 897 1882 932 melle
1898 897 2040 937 viximus
2078 899 2083 936 {1

326 947 471 990 dicitur3
487 945 730 986 Democritum
745 954 861 979 autem
878 944 948 979 solo
963 945 1072 979 mellis
1088 945 1200 979 odore
1214 943 1329 981 vixill'e
1343 944 1533 979 fabulosum
1550 945 1718 989 creditur3
1740 944 1823 980 ficut
1839 944 2039 993 superstitio-
2077 958 2079 976 ἰ

325 995 398 1029 sum
406 1017 415 1033 η
426 994 522 1041 quod
535 984 696 1040 placent-21
708 992 836 1030 mellita
845 993 988 1028 mortuis
998 992 1239 1028 ministraretur
1249 993 1289 1026 ad
1298 992 1503 1040 placandum
1513 992 1705 1029 Cerberum
1713 1016 1723 1034 ‚
1734 1003 1772 1028 ut
1780 1004 1891 1029 narrat
1898 993 2040 1040 suidas3

326 1042 459 1090 semper
471 1051 589 1085 tamen
605 1041 722 1081 initio,
741 1041 777 1076 ὅ(
793 1041 828 1075 in
840 1041 958 1076 medio
973 1041 1096 1077 mensae
1111 1041 1194 1076 olim
1210 1040 1278 1075 mel
1290 1040 1547 1078 ministrabatur.

423 1090 568 1136 Qaeres
581 1089 705 1136 primo.
731 1090 836 1124 Unde
848 1100 970 1124 aureus
988 1088 1081 1124 melli
1098 1089 1207 1128 color,
1217 1089 1367 1124 dulcedo
1381 1089 1546 1125 &viscata
1559 1089 1722 1124 tenacitas
1730 1089 1923 1137 proveniat.
1972 1090 2040 1126 Re-

325 1138 493 1186 spondeo,
510 1138 606 1185 quod
622 1137 721 1173 color
736 1138 866 1186 ignem,
880 1137 975 1185 sapor
984 1137 1159 1172 materiam
1176 1138 1265 1172 bene
1278 1136 1476 1178 excodlam,
1489 1138 1524 1173 ὅ(
1543 1138 1707 1172 tenacitas
1723 1139 1870 1173 eandem
1885 1138 2040 1185 percola-

325 1197 395 1224 tam
411 1187 545 1234 probet.
564 1185 658 1221 Hinc
673 1186 754 1223 cum
770 1186 852 1234 igne
861 1185 971 1220 multo
988 1184 1141 1225 constet,
1157 1185 1202 1220 nil
1218 1187 1361 1224 mirum,
1382 1187 1478 1233 quod
1495 1184 1668 1220 flammam
1690 1185 1766 1221 alat.

421 1234 565 1281 Qaeres
582 1233 744 1269 secundo.
773 1236 847 1269 (jur
861 1234 970 1268 mellis
988 1233 1105 1268 infima
1121 1233 1381 1281 parslaudetur,
1398 1246 1479 1269 cum
1491 1234 1559 1268 olei
1569 1235 1839 1270 commendetur
1847 1234 2038 1275 summawi·

323 1283 361 1319 ni
379 1283 512 1318 media?
526 1282 783 1330 Respondetur,
799 1282 932 1317 causam
950 1281 1034 1321 effe,
1049 1282 1128 1329 quia
1142 1282 1314 1329 optimum
1330 1282 1363 1316 id
1378 1282 1447 1317 mel
1462 1283 1625 1321 habetur,
1648 1284 1744 1329 quod
1759 1283 1875 1328 minus
1890 1281 1982 1326 fluit,
2003 1283 2040 1320 ὄε

322 1331 414 1380 quasi
430 1330 627 1366 saccharum
643 1331 849 1370 concrescit,
863 1331 1071 1378 praecipuam
1087 1330 1187 1365 etiam
1203 1330 1306 1364 habet
1324 1329 1563 1369 dulcedinem,
1578 1330 1645 1365 tale
1655 1332 1739 1365 vero
1761 1330 1820 1366 suo
1831 1332 1989 1379 pondere
1996 1331 2040 1368 ad

323 1380 391 1415 ima
405 1379 539 1414 labitur.
590 1381 640 1414 At
655 1378 773 1413 oleum
789 1379 823 1413 id
839 1378 993 1417 excellit,
1009 1379 1107 1425 quod
1126 1379 1267 1413 nitidius
1289 1378 1354 1417 est,
1377 1378 1413 1413 ὅ(
1438 1379 1627 1413 defecatius
1642 1400 1653 1418 ,
1673 1378 1852 1427 magisque
1874 1384 2041 1426 aereum3
2074 1387 2076 1407 ’τ

322 1429 393 1463 hoc
407 1437 542 1466 autem,
558 1428 638 1482 quia
652 1426 762 1463 levius
776 1427 917 1462 innatat.
970 1427 1132 1473 Denique
1147 1427 1219 1462 vini
1233 1426 1282 1462 vis
1299 1426 1334 1461 in
1350 1425 1464 1461 calore
1480 1426 1648 1466 consistit,
1665 1427 1724 1474 qui
1740 1436 1779 1462 ut
1792 1428 2040 1475 noxamlugiat
2074 1451 2075 1454 =

320 1476 472 1516 maxime
486 1475 659 1523 colligitur
674 1475 763 1510 circa
778 1476 956 1520 mediumg,
974 1475 1115 1510 inferior
1129 1485 1246 1510 autem
1259 1485 1334 1522 pars
1351 1475 1424 1510 s'aeci
1440 1475 1552 1510 vicina
1571 1474 1729 1510 sordelcit
1740 1497 1751 1514 ,
1774 1474 1810 1512 ἀ
1832 1475 1988 1523 saporem
2005 1488 2039 1512 a·

321 1524 445 1563 mittit,
460 1523 591 1559 summa
600 1523 1054 1571 abaereproximolaeditur‚
1070 1535 1150 1558 nam
1165 1522 1448 1569 aereminfestum
1465 1522 1533 1558 effe
1547 1523 1648 1564 vino,
1671 1522 1726 1558 vel
1746 1523 1781 1557 id
1802 1523 1876 1558 satis
1906 1524 2038 1572 arguit,
2074 1538 2075 1541 ¹

320 1573 418 1620 quod
431 1571 526 1616 dolio
540 1571 646 1618 pleno
662 1572 784 1607 vinum
800 1572 915 1606 minus
928 1571 1092 1618 vapescit,
1133 1583 1213 1606 uam
1226 1571 1431 1619 semiplen03
1445 1580 1536 1610 tum,
1551 1572 1648 1618 quod
1664 1571 2032 1619 munitum-*operculis
2073 1582 2087 1614 κέ,

319 1620 528 1656 extrinsecus
541 1619 630 1655 illitis
640 1641 650 1661 ,
665 1619 722 1656 vel
738 1619 854 1656 subtus
867 1630 992 1655 terram
1009 1620 1090 1655 defo
1120 1632 1197 1660 um,
1211 1631 1282 1667 quo
1297 1625 1354 1655 ae'r
1369 1630 1444 1654 non
1458 1619 1642 1668 pertingit,
1656 1614 1839 1657 diutissime
1857 1619 2040 1657 conserve-
2073 1618 2087 1658 ἐ

320 1678 387 1705 tur.

416 1715 561 1763 Qaeres
575 1713 690 1755 tertio.
723 1714 919 1765 Qalenam
941 1715 1045 1751 fuerit
1059 1715 1143 1751 illud
1157 1715 1226 1750 mel
1242 1713 1413 1763 sylvestre,
1427 1727 1500 1763 quo
1510 1715 1554 1755 D.
1562 1724 1715 1762 joannes
1722 1715 1967 1753 vescebaturin
1977 1717 2041 1752 de:
2072 1729 2087 1764 ς

320 1764 429 1804 serto?
446 1763 704 1811 Respondetur‚
719 1761 972 1800 diverfiffimam
987 1764 1022 1799 in
1037 1765 1109 1799 hoc
1126 1763 1192 1798 effe
1213 1764 1444 1811 Interpretum
1471 1764 1684 1800 sententiam.
1743 1763 1904 1800 Rabanus
1923 1775 2038 1811 putat,

324 1813 393 1848 effe
401 1814 564 1848 arborum
581 1812 662 1847 folia
672 1812 839 1853 candida,
856 1823 932 1859 quae
940 1812 1018 1847 trita
1031 1811 1191 1847 manibus
1207 1812 1360 1860 saporem
1375 1811 1465 1859 quali
1480 1812 1650 1847 mellitum
1667 1812 1842 1848 exhibent.
1891 1812 1961 1849 Alii
1975 1825 2038 1849 vo·
2071 1827 2087 1845 ν

319 1861 414 1899 lunt,
434 1860 500 1896 esse
508 1861 696 1896 humorem
708 1872 751 1896 ex
761 1862 925 1896 arborum
940 1860 1031 1895 foliis
1047 1859 1245 1898 collefilum,
1296 1860 1400 1895 Faber
1408 1860 1535 1900 credit,
1552 1859 1617 1895 effe
1633 1859 1732 1899 illud,
1750 1861 1846 1908 quod
1854 1871 1936 1907 apes
1952 1861 2035 1897 defi-

318 1910 489 1945 cientibus
504 1909 576 1944 aliis
593 1908 733 1944 floribus
744 1909 914 1957 colligunt
929 1920 971 1944 ex
982 1910 1091 1949 erica,
1105 1909 1163 1956 qui
1183 1909 1299 1943 frutex
1315 1909 1473 1943 autumni
1489 1918 1648 1956 tempore
1662 1906 1765 1943 flores
1781 1909 1908 1943 emittit
1921 1931 1931 1948 ,
1953 1911 2037 1946 cum

315 1957 456 2005 reliquae
471 1968 597 1992 omnes
610 1958 724 1994 herbae
742 1957 777 1992 ὅ(
791 1957 936 2005 virgulta
954 1956 1209 1996 defloruerunt,
1224 1957 1342 2004 estque
1355 1957 1484 1996 idmel,
1500 1966 1540 1993 ut
1556 1956 1705 2004 lupetius
1715 1958 2036 1998 annotavimus‚in-

309 2004 463 2053 jucundi
479 2005 614 2052 saporis.
665 2007 720 2041 Ad
730 2017 834 2052 quam
852 2006 1055 2040 lententiam
1064 2005 1314 2052 aliquantulum
1329 2006 1465 2040 accedit
1475 2005 1634 2041 [lidoruS.
1685 2005 1770 2041 Non
1787 2005 1834 2040 est
1845 2006 1968 2046 herba,
1985 2007 2041 2041 in-·

315 2054 406 2104 quit,
421 2054 490 2089 mel
507 2053 662 2100 sylvestre
674 2077 684 2093 ,
712 2053 768 2089 sed
784 2053 853 2089 mel
871 2063 1080 2089 montanum
1095 2076 1105 2093 ,
1127 2055 1223 2101 quod
1240 2055 1280 2088 ab
1297 2052 1482 2101 agrestibus
1504 2053 1621 2100 apibus
1642 2051 1849 2093 conficitur,
1869 2053 2036 2102 summeq3
2063 2083 2065 2085 ,

317 2101 536 2141 amarumest.
586 2103 636 2138 Ex
657 2102 711 2137 his
726 2102 952 2149 opinionibus
969 2114 1128 2149 quaenam
1144 2101 1356 2138 verilimilior
1373 2101 1427 2142 lit,
1443 2101 1633 2137 Led‘corum
1654 2101 1794 2138 arbitrio
1808 2100 2038 2149 relinquimus

616 2215 1203 2282 CONCLUSIO
1247 2215 1738 2282 POLITICA.

679 2304 796 2368 Per
806 2297 1050 2369 adversa
1067 2297 1319 2367 venitur
1330 2298 1405 2366 ad
1414 2296 1686 2390 secunda.¹

412 2456 560 2504 uel-eum
575 2456 723 2505 quaeris?
739 2455 906 2493 corticem
923 2454 1061 2506 frange;
1077 2467 1192 2504 neque
1207 2454 1300 2491 enim
1310 2455 1421 2491 otioso
1437 2457 1538 2492 datur
1554 2467 1686 2492 corona
1699 2478 1710 2496 ‚
1725 2448 1840 2505 neque
1858 2455 1927 2491 mel
1946 2456 2027 2493 deli·

419 2508 500 2541 bare
515 2505 639 2553 dignus
653 2504 718 2552 est,
735 2506 794 2554 qui
810 2505 854 2540 fel
868 2504 1150 2552 sumererecusat.
1202 2504 1325 2541 Dulcia
1341 2516 1413 2540 non
1422 2505 1568 2545 meruit,
1584 2505 1642 2552 qui
1658 2516 1733 2539 non
1746 2503 1892 2553 gustavit
1904 2517 2027 2545 amara.
2064 2529 2066 2536 ι

412 2555 552 2592 utilem,
568 2551 610 2587 ad
622 2554 707 2598 ufitm
718 2551 917 2597 'secundorum
935 2565 985 2600 per
1000 2552 1123 2598 adverſst
1142 2553 1245 2599 veniffe
1258 2576 1269 2593 ,
1291 2552 1414 2599 scripfit
1435 2553 1477 2590 C.
1492 2552 1622 2588 Plinius
1645 2551 1824 2590 secundus.
1874 2555 1966 2601 Apes
1987 2564 2029 2590 ex
2063 2575 2065 2595 i

316 2597 523 2649 amari'ffimo
538 2602 660 2648 thymo
678 2600 892 2637 mellificium
908 2601 1095 2652 colligunt,
1110 2601 1310 2648 atqueintra
1323 2601 1448 2637 viscera
1464 2600 1519 2637 sua
1533 2612 1737 2636 examarore
1746 2598 1975 2637 dulcissimum
1983 2601 2029 2638 fa-

317 2663 402 2691 vum
421 2649 634 2690 conficiunt,
650 2649 696 2685 ait
705 2649 919 2687 Plutarchus.
969 2650 1064 2697 Qia
1080 2649 1315 2690 deindustria,
1330 2650 1415 2684 dum
1429 2648 1530 2684 mella
1540 2649 1727 2698 colligunt,
1741 2649 1926 2684 acerbioris
1941 2646 2034 2698 succi'
2062 2665 2065 2674 ¹

317 2699 471 2734 studiosae
487 2698 579 2737 sunt,
595 2698 684 2747 quafi
699 2698 871 2734 rationalis
882 2707 1010 2733 naturae
1025 2697 1205 2733 scholares.
1255 2697 1311 2732 De
1331 2697 1394 2732 illis
1416 2697 1510 2733 enim
1524 2696 1653 2733 Plinius
1674 2696 1809 2734 scribitt
1831 2702 1912 2732 Ante
1931 2703 2030 2734 omnia
2062 2720 2064 2722 -

157 2730 232 2763 plin·
241 2728 260 2766 I·
275 2740 447 2781 ¹¹’alvear1‘a
460 2761 517 2780 non
528 2752 605 2780 intus
621 2745 706 2781 modo‘
719 2768 729 2785 ,
737 2747 791 2791 fid
805 2746 1006 2794 ct'rcumquaffi
1020 2769 1030 2785 -‚
1038 2747 1133 2790 fitcct’s
1151 2744 1349 2780 amarioribus
1364 2747 1474 2780 illt'nere
1490 2768 1502 2787 ‚
1520 2745 1623 2779 iisdem
1641 2745 1725 2793 quoq}
1738 2745 1823 2790 fores
1835 2746 1951 2781 latx'ores
1970 2751 2029 2783 εἰν.

157 2789 182 2812 ε·
194 2785 219 2811 ⁶⁰
313 2794 500 2840 cumstrucre.
549 2797 653 2841 Apum
673 2792 752 2828 cibus
765 2817 776 2834 ,
789 2794 863 2827 dum
885 2805 1062 2842 operantur,
1083 2795 1119 2830 ὠ·
1141 2795 1193 2840 ipft
1213 2799 1317 2827 amari
1330 2796 1450 2841 fixport's.
1518 2794 1567 2828 Ex
1581 2805 1698 2828 amaro
1713 2794 1815 2828 succo
1832 2793 1970 2829 dulcem
1991 2793 2026 2830 li.

316 2855 462 2891 quorem
479 2844 663 2878 extrahunt
677 2855 688 2887 3
714 2854 828 2890 neque
845 2842 1041 2878 suavitatem
1056 2842 1261 2890 colligerent
1274 2864 1285 2881 ,
1302 2842 1358 2876 nili
1373 2842 1558 2876 inamoenis
1574 2841 1666 2888 prius
1682 2840 1909 2888 pascerentur.
1967 2842 2027 2878 Ille
2062 2863 2063 2866 =

156 2890 265 2932 Pltngl.
275 2901 306 2923 11.
316 2891 396 2926 coeli
413 2888 532 2932 sudor,
547 2890 601 2926 illa
617 2890 771 2936 syderum
787 2888 906 2934 saliva(
915 2890 957 2925 lic
974 2891 1079 2925 citato
1089 2889 1304 2924 Pliniolibuit
1319 2889 1421 2925 dulce
1435 2890 1504 2924 mel
1514 2890 1706 2938 indigitari)
1720 2889 1776 2925 ille
1784 2889 1958 2937 purgantis
1971 2896 2024 2928 ae-

155 2935 227 2972 c.1‘2.
315 2937 360 2974 ris
377 2939 515 2978 succus,
532 2938 579 2974 est
587 2951 700 2974 amara
717 2938 867 2974 dulcedo
882 2951 893 2983 3
906 2938 1058 2973 delibare
1075 2939 1199 2986 dignus
1217 2949 1289 2973 non
1307 2937 1354 2972 est
1363 2937 1472 2972 mellis
1480 2939 1596 2973 savum
1607 2960 1617 2977 ,
1632 2938 1688 2972 cui
1698 2949 1771 2973 non
1779 2934 2025 2978 amaritudola'·

313 2987 367 3022 bia
384 2988 568 3035 castigant,
583 2987 734 3022 dulcedo
750 2986 910 3034 sequitur.
961 2986 1172 3021 Miserrimus
1189 2997 1224 3021 es
1240 3009 1251 3026 ,
1266 2986 1286 3021 {i
1299 2997 1477 3033 nunquam
1501 2985 1714 3020 milersuisti.
1762 2984 1969 3034 Transegisti
1989 2984 2027 3022 si-
2060 3015 2061 3021 ,

314 3046 360 3069 ne
379 3036 568 3070 adverlario
583 3036 715 3071 vitam?
739 3046 845 3069 nemo
864 3034 923 3069 scit
936 3036 1018 3081 quid
1034 3032 1136 3080 pollis
1152 3047 1163 3077 ς
1181 3044 1274 3072 netu
1292 3033 1359 3082 ipse
1374 3034 1526 3080 quidem.
1577 3034 1664 3068 Non
1687 3033 1746 3069 scit
1759 3032 1922 3068 aestimare
1945 3033 2026 3069 sani·
2060 3052 2061 3072 i

314 3093 439 3122 tatem,
455 3084 513 3130 qui
530 3095 707 3132 nunquam
723 3083 788 3118 fuit
804 3081 960 3117 infirmus
975 3094 985 3127 3
1003 3083 1105 3129 quam
1123 3082 1247 3117 nobilis
1264 3082 1299 3116 fit
1313 3082 1409 3117 favus
1422 3081 1552 3121 mellis,
1567 3081 1691 3120 nescit,
1705 3082 1764 3129 qui
1778 3082 2023 3117 nonecontra-
2060 3100 2061 3104 =

313 3131 364 3166 rio
379 3130 421 3166 sel
438 3131 636 3178 degustavit.
687 3132 775 3171 Non
789 3129 836 3166 est
847 3131 972 3180 dignus
988 3131 1156 3177 proemio,
1172 3130 1229 3177 qui
1241 3142 1418 3177 nunquam
1435 3130 1576 3166 certavit
1591 3143 1598 3164 :
1616 3128 1723 3164 statim
1738 3141 1832 3165 arma
1849 3128 2028 3169 submittit,
2039 3171 2046 3175 ⁸

312 3179 348 3215 ὅ(
363 3180 407 3215 ad
421 3178 534 3216 levem
544 3177 845 3228 jacetvimpulsum,
860 3190 965 3227 quem
975 3189 1076 3217 arena
1085 3190 1264 3225 nunquam
1278 3179 1431 3217 exercuit
1441 3192 1449 3213 ι
1460 3177 1540 3215 Sine
1553 3178 1679 3216 merito
1686 3176 1885 3219 ascendere,
1885 3177 2021 3262 Eiones

1944 3235 2016 3261 oni·
