2087 3610
600 197 1165 271 Philolophico-Poiitica.
1671 216 1769 271 149

8 303 11 310 ·
41 301 113 327 non
126 284 257 337 potest;
267 294 374 331 vapor
387 280 408 318 fi
423 280 546 318 erastus
560 283 691 331 absque
705 285 817 320 ventis
834 284 914 333 cogi
928 284 1141 332 nonpotest,
1155 284 1297 319 undeut
1310 294 1398 331 aqua
1408 284 1640 332 congelascat,
1656 286 1761 322 debet

8 371 10 385 ,
40 338 169 375 diutius
182 337 217 370 in
229 337 301 369 aire
315 331 480 371 detineri,
493 329 530 367 ὅ(
543 331 661 379 agitari
673 333 692 367 a
707 342 813 368 vento
824 355 834 373 ,
849 343 887 368 ut
900 332 1166 369 commisceatur
1182 344 1264 368 cum
1274 332 1549 368 exhalationibus
1562 334 1673 374 liceis,
1682 345 1759 381 qux

42 387 120 423 sunt
133 394 228 432 aquae
242 379 440 428 coagulum.

135 432 274 480 Qaeres
288 428 402 463 tertio.
455 427 546 474 Qae
561 427 659 462 causa
668 426 721 468 sit,
735 428 833 480 quod
849 427 1122 465 interdum'ante
1139 437 1301 464 exortum
1315 428 1492 477 grandinis
1514 439 1658 476 magnus
1679 430 1756 476 qui-

7 489 10 498 ⁴
39 484 119 519 dam
135 479 259 515 sonitus
272 476 438 512 audiatur.
491 474 700 522 Respondeo
716 499 726 515 ,
743 477 815 511 neri
830 476 903 512 hoc
925 477 980 512 vel
998 478 1097 518 ideo,
1115 478 1196 525 quia
1209 489 1326 525 pugna
1341 476 1387 512 est
1396 476 1560 512 acerrima
1569 477 1759 512 exhalatio-

38 529 166 567 numin
179 525 345 564 nubibus.
360 534 436 570 quae
453 534 636 571 erumpere
653 525 803 560 nitentes
814 524 904 560 varia
915 525 1123 573 agitatione,
1138 535 1238 561 motu
1254 536 1359 572 atque
1373 525 1490 560 attritu
1504 536 1662 560 murmur
1676 537 1760 560 cum

38 581 171 628 fragore
183 574 308 613 edunt,
326 572 409 608 licut
421 582 464 607 ex
479 571 548 606 olla
561 571 776 608 fervescente
792 573 928 620 liquore
944 572 1104 610 stridores
1120 575 1323 610 excitantur.
1375 573 1445 608 Vel
1454 574 1578 614 etiam,
1592 574 1675 621 quia
1684 573 1759 609 col—

37 628 188 665 liduntur
200 620 274 669 jam
289 620 480 669 congelatae
518 619 654 661 uttulae,
667 622 752 656 dum
768 620 839 656 alia:
853 621 889 656 in
909 621 988 657 alias
1007 623 1190 658 incurrunt
1214 622 1249 658 &
1265 622 1474 671 impingunt.

130 672 272 720 Qaeres
287 681 332 717 qu
342 679 424 706 κιο,
533 680 572 704 ur
593 669 799 717 grandinem
822 670 858 704 in
871 669 983 706 aestate
1000 670 1084 719 saepe
1097 681 1231 719 magnae
1253 680 1359 719 guttae
1374 668 1538 718 pluviales
1562 669 1765 718 praecedcre

40 721 192 759 soleant}
209 717 436 766 Relpondeo,
453 716 525 752 hoc
533 718 758 766 contingere,
772 719 870 765 quod
880 719 1013 766 priores
1030 719 1188 767 quaedam
1204 728 1310 767 guttae
1327 720 1373 754 ob
1387 723 1503 754 aerem
1520 729 1595 754 non
1612 719 1697 754 dum
1714 718 1760 754 Ia-

35 768 324 818 ds‘infi’igidatum
340 764 518 815 congelari
532 775 710 813 nequeant
724 788 735 807 ,
759 766 924 814 quocirca
940 767 986 803 ita
999 766 1170 815 praemiffae
1183 767 1290 803 libere
1305 778 1387 802 cum
1410 766 1580 816 gravitate
1597 765 1654 802 sua
1669 767 1762 802 dela-

35 820 172 857 buntur.
1552 851 1555 853 ,

129 864 273 913 Qaeres
285 861 422 911 quinto.
473 861 549 898 Cur
555 862 709 911 grando,
725 862 806 898 curn
819 861 856 898 lit
871 861 952 899 nive
969 864 1107 904 durior,
1123 862 1270 899 celei-iiis
1279 873 1398 899 tamen
1406 862 1570 911 liquescat
1579 862 1685 902 nive?
1695 861 1758 899 sta-

35 915 99 953 tim
112 914 222 953 enim,
233 921 273 947 ut
287 922 412 947 terram
421 910 577 960 attingit,
594 910 748 958 liquelcit
761 912 906 959 grando.
958 911 1168 961 Respondeo
1185 934 1195 951 ‚
1212 912 1319 947 varias
1342 911 1445 958 hujus
1462 912 1511 947 rei
1534 913 1576 947 ab
1590 912 1760 947 Authori-

36 965 99 1002 bus
109 961 257 999 tationes
266 959 401 994 adferri.
452 957 590 998 Primo,
606 959 684 1007 quia
691 961 826 1008 grando
843 970 939 1007 aquae
955 959 1002 996 est
1014 961 1269 1012 propinquior;
1289 960 1336 996 est
1351 962 1444 996 enim
1458 972 1547 1008 aqua
1568 970 1757 1006 concreta3

35 1013 211 1050 nixantem
226 1019 299 1044 non
316 1006 355 1043 fit
370 1007 571 1042 immediate
585 1009 626 1043 ab
635 1019 739 1056 aqua,
759 1006 816 1043 sed
831 1019 874 1042 ex
883 1018 1023 1056 vapore.
1074 1008 1170 1044 Cum
1181 1020 1266 1058 ergo
1283 1008 1488 1058 nixlongius
1503 1008 1585 1044 abfit
1599 1010 1641 1044 ab
1656 1019 1755 1056 aquae

4 1071 7 1082 ·
36 1070 167 1099 namra,
180 1068 285 1106 quam
341 1056 454 1095 ando,
475 1055 560 1090 nihil
577 1056 704 1091 mirum
721 1055 786 1095 est,
805 1058 953 1092 eandem
964 1057 1210 1093 durabiliorem
1226 1056 1310 1095 effe,
1326 1058 1430 1105 quam
1438 1058 1657 1106 grandinem.
1697 1058 1759 1093 Se-

35 1107 252 1154 cuoquuia
265 1067 408 1141 calidior
425 1102 473 1139 est
486 1109 562 1144 ae'r,
578 1115 658 1140 cum
675 1105 857 1154 grandinat
869 1127 880 1145 ,
895 1117 1000 1153 quam
1014 1117 1096 1141 cum
1114 1106 1238 1154 ningit.
1287 1106 1409 1141 Tertio
1423 1128 1434 1145 ,
1456 1106 1536 1152 quia
1549 1105 1664 1154 plures
1678 1106 1756 1142 lunt

34 1158 159 1207 spiritus
170 1154 286 1204 frigidi
299 1153 333 1188 in
351 1153 449 1193 nive,
463 1164 568 1200 quam
581 1153 616 1188 in
629 1153 799 1201 grandine
812 1175 824 1193 ,
841 1153 957 1202 licque
973 1154 1030 1202 ipli
1046 1155 1259 1202 impediunt,
1276 1154 1430 1190 utstatim
1448 1155 1507 1189 nix
1519 1156 1563 1189 ad
1577 1154 1698 1189 statum
1718 1166 1754 1190 a-

32 1215 106 1255 quae
118 1204 246 1240 redeat.
294 1202 450 1249 Qarto,
468 1201 512 1237 D.
524 1201 652 1237 Hamcl
669 1201 705 1236 in
714 1200 925 1238 Meteon-Aa.
935 1214 964 1243 c,
973 1214 997 1248 3.
1018 1203 1052 1238 id
1090 1213 1208 1252 ropter
1230 1203 1333 1251 ipsam
1353 1202 1555 1238 densitatem
1576 1203 1754 1251 grandinis

31 1254 102 1292 fors
117 1251 254 1289 evenire
269 1250 439 1286 existimat
450 1271 461 1289 ,
477 1251 780 1298 quemadmodum
795 1251 908 1292 enim,
923 1251 1034 1299 inquit
1047 1215 1155 1291 ,libra
1170 1251 1304 1299 plumbi
1326 1251 1427 1287 citius
1441 1274 1452 1291 ‚
1468 1262 1571 1298 quam
1585 1251 1696 1299 butyri
1711 1251 1751 1287 li-

56 1300 175 1339 nescit,
189 1299 287 1347 quod
302 1299 449 1352 ubipars
464 1309 534 1333 una
543 1297 696 1334 calorem
709 1299 890 1346 concepit,
903 1299 1012 1335 statim
1029 1311 1109 1335 eum
1118 1301 1285 1349 proxima:
1298 1299 1556 1341 communicat,
1571 1300 1606 1336 ὅ(
1615 1301 1753 1348 itaqua-

64 1361 125 1400 per
139 1358 262 1384 manus
280 1346 438 1383 citissime
459 1346 554 1382 calor
569 1358 631 1400 per
644 1358 770 1382 omnes
784 1357 896 1396 partes
905 1347 1124 1387 diffunditur.

122 1399 269 1447 Qaeres
286 1395 392 1431 sexto.
443 1395 543 1443 Quid
561 1395 620 1431 irbi
638 1395 740 1435 velit,
757 1397 855 1444 quod
869 1398 1046 1445 grandinis
1062 1395 1193 1446 globuli
1207 1396 1432 1433 observentur
1444 1397 1480 1432 in
1493 1397 1614 1433 medio
1622 1397 1753 1433 habere

2 1470 6 1479 ·
31 1446 195 1486 nucleum
210 1443 386 1480 subalbum
401 1455 442 1479 ac
457 1443 565 1480 veluti
578 1443 732 1482 niveum.
785 1444 1018 1492 Respondeo:
1035 1445 1084 1481 Ex
1099 1447 1170 1480 hoc
1184 1445 1300 1480 inferri
1315 1468 1326 1486 ,
1343 1446 1441 1493 quod
1458 1455 1538 1481 ante
1551 1447 1749 1493 generatio-

31 1507 110 1533 nem
127 1493 303 1544 grandinis
320 1500 508 1542 generetur
524 1492 598 1532 nix,
613 1504 690 1541 quae
699 1491 747 1528 est
755 1493 863 1528 veluti
874 1493 991 1529 semen
999 1493 1174 1541 grandinis
1184 1507 1195 1539 3
1207 1504 1374 1529 tumvero
1384 1493 1586 1542 multaaqua
1600 1494 1749 1530 circum.

32 1543 100 1582 fusa
113 1540 328 1581 adhaerelcit,
343 1540 379 1576 ὅ(
394 1540 616 1590 congelatur,
630 1541 886 1590 acgrandinem
900 1541 1045 1590 perficit.
1096 1542 1174 1577 Nec
1190 1543 1317 1578 mirum
1334 1541 1381 1577 est
1398 1564 1409 1582 ,
1436 1543 1551 1578 media
1564 1542 1677 1578 aestate
1713 1554 1749 1579 e·

3 1607 7 1612 ·
32 1591 138 1631 ner-ari
152 1589 312 1626 nivemin
320 1589 486 1628 nubibus,
496 1589 579 1624 cum
596 1589 875 1625 illamvideamus
891 1590 1078 1638 aliquando
1088 1591 1214 1626 cadere
1224 1591 1259 1626 in
1269 1591 1448 1626 montibus
1462 1590 1646 1626 iniummis
1654 1603 1694 1627 ca
1708 1602 1750 1626 o-

2 1656 5 1668 ·
31 1641 139 1680 ribus,
151 1639 187 1676 δι
200 1638 417 1674 credendum
430 1636 494 1676 est,
507 1638 604 1685 quod
613 1637 841 1674 descenderet
858 1639 962 1675 etiam
977 1639 1013 1674 in
1026 1639 1105 1675 loca
1126 1639 1271 1675 humilia
1283 1661 1296 1680 ,
1318 1639 1377 1674 nisi
1396 1640 1416 1675 a
1430 1639 1547 1675 calore
1558 1640 1645 1676 ae'ris
1667 1641 1704 1676 in
1722 1640 1749 1676 i-

5 1717 7 1722 ,
30 1687 88 1739 pso
102 1685 261 1724 descensu
284 1684 511 1723 resolveretur
523 1686 559 1721 in
573 1698 712 1734 aquam.
860 1693 863 1697 “
1274 1727 1277 1730 y

2 1743 3 1762 ³
125 1735 283 1784 Colliges
296 1735 430 1784 primo,
445 1746 527 1770 cum
542 1734 780 1771 exhalationes
794 1735 905 1776 ssccae,
913 1736 1038 1784 quibus
1053 1736 1157 1772 etiam
1173 1735 1309 1772 constat
1321 1737 1455 1786 grando
1470 1759 1480 1776 ,
1495 1735 1626 1772 habent
1639 1735 1748 1773 virtu-

2 1788 4 1790 ’
31 1794 100 1823 tem
113 1783 300 1820 adustivam
315 1805 326 1824 ‚
341 1794 416 1818 non
433 1782 542 1818 solum
558 1783 763 1832 grandinem
778 1782 950 1834 flagellare
962 1807 973 1825 ,
989 1785 1025 1822 ὅ(
1039 1785 1256 1834 prosternere
1272 1785 1402 1834 segetes
1417 1807 1428 1824 ,
1445 1784 1500 1820 sed
1523 1784 1559 1821 ὃς
1581 1786 1747 1826 adurere,

1 1840 6 1867 ⁴.
29 1834 265 1883 quodcunque
279 1831 404 1880 tangit,
422 1831 466 1866 ita
482 1840 521 1866 ut
536 1831 611 1878 post
625 1843 756 1886 paucos
763 1834 838 1868 dies
852 1834 1048 1869 marcescat.
1072 1838 1074 1844 “
1099 1834 1210 1882 Qiod
1225 1832 1246 1868 fi
1261 1845 1345 1868 vero
1361 1833 1494 1881 grando
1507 1833 1648 1868 admista
1661 1833 1699 1869 lit
1710 1846 1747 1870 a·

1 1882 6 1923 ἰ
29 1893 103 1931 quae
116 1904 127 1922 ,
140 1881 223 1917 licet
236 1892 310 1916 non
324 1880 439 1915 minus
457 1877 605 1928 flagellet
620 1882 768 1930 tegetes,
783 1881 1023 1917 minustarnen
1033 1882 1190 1918 adurit&
1205 1881 1416 1920 damnificat.
1468 1881 1569 1916 Ratio
1584 1880 1649 1921 est,
1663 1882 1745 1930 quia

2 1927 6 1970 ᾇ
36 1941 119 1978 aqua
132 1929 255 1969 abluit,
269 1940 309 1964 ac
324 1928 474 1976 detergit
488 1928 725 1964 exhalationes
743 1928 910 1978 segetibus
935 1931 1066 1966 noxias.
1107 1930 1203 1966 Hinc
1213 1931 1316 1966 etiam
1332 1930 1508 1978 procedit,
1522 1931 1619 1978 quod
1629 1930 1742 1978 fipau·

1 2007 4 2016 ,
31 1977 67 2015 lo
78 1977 152 2034 post
163 1977 368 2027 grandinem
384 1975 545 2012 succedat
556 1976 688 2026 pluvia,
703 1979 837 2027 grando
847 1979 1011 2015 reddatur
1024 1979 1139 2015 minus
1154 1979 1276 2020 noxia,
1292 1991 1374 2015 cum
1389 1977 1505 2027 pluvia
1517 1978 1625 2014 abluit
1637 1980 1744 2015 exha-

1 2038 3 2066 ζ
31 2026 171 2063 latrones
186 2025 354 2075 segetibus
368 2023 552 2073 pestiferas.

1 2075 3 2083 ’
123 2073 278 2123 Colliges
292 2074 694 2116 secundoexKirchero,
720 2075 869 2111 modum
884 2073 1097 2111 conficiendi
1109 2075 1314 2125 grandinem
1322 2074 1537 2111 artificiosam
1548 2098 1560 2115 ,
1575 2084 1704 2124 nempe
1717 2075 1742 2112 fi

1 2139 5 2162 ᾳ
29 2122 175 2159 intholo
183 2122 313 2163 ferreo,
329 2133 366 2158 ut
382 2125 425 2157 de
439 2123 550 2158 modo
566 2121 687 2169 pluviae
697 2122 862 2159 faciendae
871 2124 1067 2164 retulimus,
1082 2124 1231 2172 vaporin
1241 2124 1392 2171 pluviam
1406 2123 1744 2167 resolvitur,&tune

1 2215 3 2226 γ
29 2170 117 2208 infla
130 2170 265 2207 tholum
280 2171 365 2208 folle
377 2171 535 2221 frigidior
548 2181 674 2208 ventus
681 2173 868 2213 excitetur,
884 2172 1035 2221 pluviam
1050 2172 1205 2209 densabit
1219 2173 1253 2208 in
1268 2174 1491 2222 grandinem.

0 2300 3 2381 j
280 2286 907 2353 >CONCLUSIO
950 2288 1444 2356 POLITICA.

257 2367 697 2440 Inconcussum
715 2369 1139 2527 egissgclssad
1160 2371 1538 2466 grandmem

0 2575 2 2595 Ι
179 2593 244 2630 lam
260 2593 295 2630 in
308 2592 436 2631 fa&um
455 2603 626 2631 converte
637 2616 650 2634 ,
667 2592 826 2631 Politice.
874 2595 981 2633 Nulla
994 2597 1164 2634 Minervae
1179 2598 1360 2637 adversitas
1377 2607 1450 2636 erat
1467 2596 1602 2635 adversa
1615 2619 1627 2638 ν
1643 2595 1736 2633 nulla

0 2612 6 2695 l
108 2643 277 2679 calamitas
287 2643 490 2679 calamitola.
540 2643 634 2678 Nam
650 2642 745 2679 scuto
761 2644 943 2693 tegebatur
957 2647 1168 2687 immortali,
1183 2659 1226 2683 ex
1241 2648 1315 2684 fuso
1329 2660 1414 2685 auro
1428 2671 1439 2689 ,
1454 2649 1551 2696 quod
1566 2658 1631 2683 nec
1642 2647 1732 2681 Mar·
1750 2639 1875 2687 Artsst‘d·

0 2703 3 2712 ⁸
104 2691 286 2727 tisfurores
309 2690 516 2741 infregerant
529 2714 540 2731 ,
561 2702 628 2727 nec
642 2691 774 2728 trisulca
787 2693 884 2740 Jovis
900 2694 1044 2730 fulmina
1055 2705 1330 2743 penetraverant,
1380 2698 1489 2733 Scuto
1506 2695 1551 2731 lat
1564 2694 1674 2731 testus
1688 2692 1737 2730 est
1748 2693 1861 2738 Hymn-
1870 2694 1905 2724 ὑ*

0 2782 1 2786 ¹
31 2740 148 2779 bono,
162 2740 360 2775 cuianimus
370 2753 444 2776 non
453 2739 598 2776 vacillat.
649 2739 826 2777 Prostratae
840 2743 976 2779 virtutis
992 2743 1040 2778 est
1054 2766 1064 2784 ,
1079 2744 1136 2779 cui
1152 2746 1196 2779 ad
1210 2757 1355 2782 omnem
1371 2747 1484 2782 casum
1500 2744 1630 2793 spiritus
1639 2741 1730 2790 jace·
1751 2741 1894 2776 M’uerv.

0 2817 3 2843 ἰ
33 2796 79 2826 ar.
122 2787 260 2824 Ferreus
269 2789 305 2824 sit
314 2788 496 2829 Politicus,
511 2788 596 2824 &ad
605 2788 745 2824 moisem
755 2791 929 2839 grandinis
939 2791 1172 2829 inconcussus.
1220 2794 1382 2844 Segetem
1393 2793 1579 2841 facilelegit
1588 2792 1732 2841 grando,
1748 2789 1906 2822 llomer.a

0 2845 3 2879 ζ
35 2834 73 2872 δι
84 2835 304 2872 antemessem
322 2838 486 2877 demetit,
502 2837 582 2884 quia
597 2837 748 2873 tremulo
764 2838 883 2874 culmo
898 2840 1054 2886 subsistit3
1068 2850 1103 2876 at
1111 2841 1256 2878 Martius
1270 2844 1406 2879 animus
1416 2842 1522 2878 rtrum
1532 2842 1737 2877 reverberat,
1751 2834 1840 2871 [ltad-

35 2894 102 2919 nec
113 2884 238 2920 demeti
252 2885 310 2921 fibi
327 2895 430 2934 caput
443 2886 587 2934 patitur,
601 2887 680 2933 quia
694 2886 944 2935 impenetrabili
960 2888 1056 2924 scuto
1080 2890 1293 2926 fortitudinis
1310 2892 1414 2927 latera
1430 2890 1553 2926 induit.
1605 2889 1738 2938 Lignea

0 2945 2 2952 ⁸
34 2931 288 2970 cohaerentbase
295 2934 416 2970 vitium
426 2945 591 2983 gemmae,
601 2935 689 2970 facili
697 2937 872 2984 grandinis
886 2938 962 2972 calu
978 2938 1012 2972 in
1029 2947 1153 2974 terram
1163 2939 1332 2975 decidunt
1340 2941 1453 2976 baccae
1468 2951 1480 2983 3
1493 2938 1571 2986 quia
1585 2937 1738 2973 laureato

0 2979 2 3032 fi
34 2979 141 3033 sp'pite
149 2991 219 3017 non
227 2981 464 3022 sustentantur.
489 2992 523 3018 at
531 2983 648 3018 animo
658 2982 766 3032 Gigas
775 2985 892 3020 totsibi
905 2985 1106 3035 estglaciatis
1116 2987 1234 3035 lapillis
1247 2987 1379 3036 colligit
1398 2997 1553 3035 gemmas
1562 3009 1572 3026 ,
1587 2995 1675 3034 quot
1683 2996 1741 3021 ca-

0 3035 2 3068 ;
35 3029 120 3064 libus
129 3030 310 3076 premitur:
326 3031 514 3067 Lame-tus
524 3043 566 3068 ex
574 3030 741 3068 conflidu
753 3034 885 3069 recedit
895 3056 907 3074 ,
927 3035 1006 3081 quia
1016 3035 1098 3072 nulli
1108 3035 1185 3071 falci
1198 3037 1354 3083 pervium
1365 3036 1531 3071 lacertum
1540 3035 1638 3083 gerit.
1662 3037 1738 3068 Non

30 3074 155 3124 poefiaee
173 3090 324 3119 mutatur,
339 3094 396 3112 non
403 3081 548 3123 extollnur
560 3081 711 3128 prosperis,
726 3096 783 3115 non
796 3080 921 3126 mstibus
934 3088 1086 3132 mergitur.
1138 3082 1255 3119 Meffis
1282 3085 1468 3130 grandinea
1484 3083 1530 3119 illi
1550 3083 1666 3131 gloriae
1687 3082 1732 3118 se·
1749 3083 1904 3123 c1·c.l,1.de

0 3121 2 3147 ¹
32 3125 155 3160 mentis
163 3126 226 3166 est,
237 3127 271 3161 in
280 3127 390 3163 imbre
398 3127 527 3176 glaciali
537 3128 703 3176 spiritibus
712 3129 816 3170 calet,
825 3131 950 3178 quibus
959 3133 1089 3168 ferreos
1105 3132 1207 3168 etiam
1217 3126 1318 3168 bolos
1328 3133 1472 3181 digerat.
1524 3131 1733 3179 lnquilinum
1746 3131 1818 3177 offic,
1898 3129 1902 3132 ’

32 3174 290 3224 §orporegestat
297 3175 680 3221 Herculemffattettus
695 3177 760 3221 est,
775 3179 913 3227 quihoc
927 3180 1041 3264 inrpOIa
1050 3181 1190 3231 gaudet.
1240 3180 1422 3219 Cariosum
1429 3179 1561 3218 testum
1568 3180 1738 3229 grandine

0 3241 2 3254 r
1007 3240 1025 3276 3
1647 3230 1737 3268 tran·
