<?xml version="1.0" encoding="UTF-8"?>
<!DOCTYPE html PUBLIC "-//W3C//DTD XHTML 1.0 Transitional//EN"
    "http://www.w3.org/TR/xhtml1/DTD/xhtml1-transitional.dtd">
<html xmlns="http://www.w3.org/1999/xhtml" xml:lang="en" lang="en">
 <head>
  <title>
</title>
<meta http-equiv="Content-Type" content="text/html;charset=utf-8" />
  <meta name='ocr-system' content='tesseract 3.04.00' />
  <meta name='ocr-capabilities' content='ocr_page ocr_carea ocr_par ocr_line ocrx_word'/>
</head>
<body>
  <div class='ocr_page' id='page_1' title='image "./meteorologiaphil00reinz/meteorologiaphil00reinz_0210.png"; bbox 0 0 2087 3610; ppageno 0'>
   <div class='ocr_carea' id='block_1_1' title="bbox 349 238 1392 313">
    <p class='ocr_par' dir='ltr' id='par_1_1' title="bbox 349 238 1392 313">
     <span class='ocr_line' id='line_1_1' title="bbox 349 238 1392 313; baseline -0.004 -19"><span class='ocrx_word' id='word_1_1' title='bbox 349 257 459 295; x_wconf 87' lang='lat'>200</span> <span class='ocrx_word' id='word_1_2' title='bbox 1028 238 1392 313; x_wconf 85' lang='lat' dir='ltr'>Meteorologia</span> 
     </span>
    </p>
   </div>
   <div class='ocr_carea' id='block_1_2' title="bbox 336 315 2087 3168">
    <p class='ocr_par' dir='ltr' id='par_1_2' title="bbox 346 315 2083 896">
     <span class='ocr_line' id='line_1_2' title="bbox 352 315 2083 368; baseline 0.002 -16"><span class='ocrx_word' id='word_1_3' title='bbox 352 316 408 353; x_wconf 69' lang='lat' dir='ltr'>citii</span> <span class='ocrx_word' id='word_1_4' title='bbox 415 317 625 366; x_wconf 65' lang='lat' dir='ltr'>refragerasur,</span> <span class='ocrx_word' id='word_1_5' title='bbox 639 317 775 361; x_wconf 71' lang='lat' dir='ltr'>[evtffima</span> <span class='ocrx_word' id='word_1_6' title='bbox 789 316 835 362; x_wconf 43' lang='lat' dir='ltr'>est⁴</span> <span class='ocrx_word' id='word_1_7' title='bbox 886 315 1040 353; x_wconf 80' lang='lat' dir='ltr'>Observa</span> <span class='ocrx_word' id='word_1_8' title='bbox 1055 327 1171 353; x_wconf 89' lang='lat' dir='ltr'>tamen</span> <span class='ocrx_word' id='word_1_9' title='bbox 1186 318 1451 354; x_wconf 83' lang='lat' dir='ltr'>cumAthenaeo</span> <span class='ocrx_word' id='word_1_10' title='bbox 1462 342 1472 359; x_wconf 88' lang='lat'>,</span> <span class='ocrx_word' id='word_1_11' title='bbox 1488 319 1634 355; x_wconf 86' lang='lat' dir='ltr'>inveniri</span> <span class='ocrx_word' id='word_1_12' title='bbox 1649 319 1862 367; x_wconf 85' lang='lat' dir='ltr'>quandoque</span> <span class='ocrx_word' id='word_1_13' title='bbox 1869 329 1974 367; x_wconf 87' lang='lat' dir='ltr'>aquas</span> <span class='ocrx_word' id='word_1_14' title='bbox 1986 319 2056 367; x_wconf 83' lang='lat' dir='ltr'>pari</span> <span class='ocrx_word' id='word_1_15' title='bbox 2081 342 2083 368; x_wconf 69' lang='lat'><em>2</em></span> 
     </span>
     <span class='ocr_line' id='line_1_3' title="bbox 351 365 2057 415; baseline 0.001 -15"><span class='ocrx_word' id='word_1_16' title='bbox 351 369 528 415; x_wconf 85' lang='lat' dir='ltr'>pondere,</span> <span class='ocrx_word' id='word_1_17' title='bbox 537 365 829 413; x_wconf 76' lang='lat' dir='ltr'>disparibonitate.</span> <span class='ocrx_word' id='word_1_18' title='bbox 877 366 983 400; x_wconf 86' lang='lat' dir='ltr'>Unde</span> <span class='ocrx_word' id='word_1_19' title='bbox 990 366 1118 401; x_wconf 86' lang='lat' dir='ltr'>certius</span> <span class='ocrx_word' id='word_1_20' title='bbox 1125 377 1219 413; x_wconf 86' lang='lat' dir='ltr'>aquae</span> <span class='ocrx_word' id='word_1_21' title='bbox 1229 367 1328 402; x_wconf 85' lang='lat' dir='ltr'>bonae</span> <span class='ocrx_word' id='word_1_22' title='bbox 1339 367 1505 403; x_wconf 88' lang='lat' dir='ltr'>indicium</span> <span class='ocrx_word' id='word_1_23' title='bbox 1517 368 1563 403; x_wconf 91' lang='lat' dir='ltr'>est</span> <span class='ocrx_word' id='word_1_24' title='bbox 1573 368 1744 407; x_wconf 78' lang='lat' dir='ltr'>subtilitas,</span> <span class='ocrx_word' id='word_1_25' title='bbox 1754 368 1910 414; x_wconf 88' lang='lat' dir='ltr'>utinquit</span> <span class='ocrx_word' id='word_1_26' title='bbox 1918 367 2057 408; x_wconf 78' lang='lat' dir='ltr'>Plinius,</span> 
     </span>
     <span class='ocr_line' id='line_1_4' title="bbox 351 413 2082 461; baseline 0.001 -12"><span class='ocrx_word' id='word_1_27' title='bbox 351 414 648 450; x_wconf 80' lang='lat' dir='ltr'>conveniuntsere</span> <span class='ocrx_word' id='word_1_28' title='bbox 656 424 782 449; x_wconf 90' lang='lat' dir='ltr'>omnes</span> <span class='ocrx_word' id='word_1_29' title='bbox 789 413 1027 454; x_wconf 89' lang='lat' dir='ltr'>conditiones,</span> <span class='ocrx_word' id='word_1_30' title='bbox 1036 415 1159 461; x_wconf 87' lang='lat' dir='ltr'>quibus</span> <span class='ocrx_word' id='word_1_31' title='bbox 1169 425 1255 461; x_wconf 84' lang='lat' dir='ltr'>aqua</span> <span class='ocrx_word' id='word_1_32' title='bbox 1270 416 1547 457; x_wconf 79' lang='lat' dir='ltr'>commendatur,</span> <span class='ocrx_word' id='word_1_33' title='bbox 1557 428 1636 451; x_wconf 89' lang='lat' dir='ltr'>nam</span> <span class='ocrx_word' id='word_1_34' title='bbox 1645 417 1691 451; x_wconf 82' lang='lat' dir='ltr'>ob</span> <span class='ocrx_word' id='word_1_35' title='bbox 1700 415 1902 451; x_wconf 81' lang='lat' dir='ltr'>tenuitatem</span> <span class='ocrx_word' id='word_1_36' title='bbox 1911 415 2000 450; x_wconf 88' lang='lat' dir='ltr'>suam</span> <span class='ocrx_word' id='word_1_37' title='bbox 2011 416 2055 451; x_wconf 84' lang='lat' dir='ltr'>fa·</span> <span class='ocrx_word' id='word_1_38' title='bbox 2080 438 2082 458; x_wconf 79' lang='grc'>;</span> 
     </span>
     <span class='ocr_line' id='line_1_5' title="bbox 352 461 2054 511; baseline 0.001 -14"><span class='ocrx_word' id='word_1_39' title='bbox 352 461 453 498; x_wconf 81' lang='lat' dir='ltr'>ciiius</span> <span class='ocrx_word' id='word_1_40' title='bbox 467 472 666 509; x_wconf 83' lang='lat' dir='ltr'>penetratur</span> <span class='ocrx_word' id='word_1_41' title='bbox 681 464 722 497; x_wconf 89' lang='lat' dir='ltr'>ab</span> <span class='ocrx_word' id='word_1_42' title='bbox 738 471 863 510; x_wconf 84' lang='lat' dir='ltr'>agente</span> <span class='ocrx_word' id='word_1_43' title='bbox 878 461 989 497; x_wconf 87' lang='lat' dir='ltr'>calido</span> <span class='ocrx_word' id='word_1_44' title='bbox 999 462 1088 498; x_wconf 84' lang='lat' dir='ltr'>&amp;eo</span> <span class='ocrx_word' id='word_1_45' title='bbox 1103 474 1244 497; x_wconf 88' lang='lat' dir='ltr'>remoto</span> <span class='ocrx_word' id='word_1_46' title='bbox 1252 463 1348 510; x_wconf 86' lang='lat' dir='ltr'>(quia</span> <span class='ocrx_word' id='word_1_47' title='bbox 1358 465 1678 500; x_wconf 83' lang='lat' dir='ltr'>noncoliibetintra</span> <span class='ocrx_word' id='word_1_48' title='bbox 1690 463 1721 498; x_wconf 89' lang='lat' dir='ltr'>se</span> <span class='ocrx_word' id='word_1_49' title='bbox 1731 463 2054 511; x_wconf 74' lang='lat' dir='ltr'>alienacorpuscula,</span> 
     </span>
     <span class='ocr_line' id='line_1_6' title="bbox 351 509 2082 560; baseline 0.001 -15"><span class='ocrx_word' id='word_1_50' title='bbox 351 511 479 558; x_wconf 85' lang='lat' dir='ltr'>quibus</span> <span class='ocrx_word' id='word_1_51' title='bbox 491 511 713 558; x_wconf 82' lang='lat' dir='ltr'>impediatur)</span> <span class='ocrx_word' id='word_1_52' title='bbox 722 509 865 545; x_wconf 85' lang='lat' dir='ltr'>faciliori</span> <span class='ocrx_word' id='word_1_53' title='bbox 880 510 1025 558; x_wconf 87' lang='lat' dir='ltr'>negotio</span> <span class='ocrx_word' id='word_1_54' title='bbox 1033 511 1076 545; x_wconf 91' lang='lat' dir='ltr'>ad</span> <span class='ocrx_word' id='word_1_55' title='bbox 1086 511 1239 545; x_wconf 86' lang='lat' dir='ltr'>nativum</span> <span class='ocrx_word' id='word_1_56' title='bbox 1248 512 1354 560; x_wconf 71' lang='lat' dir='ltr'>frigus</span> <span class='ocrx_word' id='word_1_57' title='bbox 1362 513 1468 552; x_wconf 86' lang='lat' dir='ltr'>redit,</span> <span class='ocrx_word' id='word_1_58' title='bbox 1477 524 1664 560; x_wconf 88' lang='lat' dir='ltr'>eaquoque</span> <span class='ocrx_word' id='word_1_59' title='bbox 1672 513 1717 547; x_wconf 92' lang='lat' dir='ltr'>ob</span> <span class='ocrx_word' id='word_1_60' title='bbox 1727 512 1872 547; x_wconf 89' lang='lat' dir='ltr'>eandem</span> <span class='ocrx_word' id='word_1_61' title='bbox 1881 511 1991 546; x_wconf 86' lang='lat' dir='ltr'>ration</span> <span class='ocrx_word' id='word_1_62' title='bbox 1998 523 2054 548; x_wconf 89' lang='lat' dir='ltr'>em</span> <span class='ocrx_word' id='word_1_63' title='bbox 2079 544 2082 552; x_wconf 87' lang='grc'><em>,</em></span> 
     </span>
     <span class='ocr_line' id='line_1_7' title="bbox 351 558 2082 607; baseline -0.001 -13"><span class='ocrx_word' id='word_1_64' title='bbox 351 559 530 598; x_wconf 80' lang='lat' dir='ltr'>sincerior,</span> <span class='ocrx_word' id='word_1_65' title='bbox 546 558 766 606; x_wconf 85' lang='lat' dir='ltr'>pellucidiot,</span> <span class='ocrx_word' id='word_1_66' title='bbox 780 558 814 593; x_wconf 75' lang='grc' dir='ltr'>ὅ(</span> <span class='ocrx_word' id='word_1_67' title='bbox 824 558 895 593; x_wconf 87' lang='lat' dir='ltr'>hoc</span> <span class='ocrx_word' id='word_1_68' title='bbox 905 558 974 605; x_wconf 93' lang='lat' dir='ltr'>ipso</span> <span class='ocrx_word' id='word_1_69' title='bbox 990 558 1093 593; x_wconf 84' lang='lat' dir='ltr'>etiam</span> <span class='ocrx_word' id='word_1_70' title='bbox 1108 559 1335 606; x_wconf 85' lang='lat' dir='ltr'>utplurimum</span> <span class='ocrx_word' id='word_1_71' title='bbox 1351 559 1459 595; x_wconf 92' lang='lat' dir='ltr'>levior</span> <span class='ocrx_word' id='word_1_72' title='bbox 1473 560 1530 599; x_wconf 81' lang='lat' dir='ltr'>est.</span> <span class='ocrx_word' id='word_1_73' title='bbox 1579 561 1745 598; x_wconf 67' lang='lat' dir='ltr'>Praeterea</span> <span class='ocrx_word' id='word_1_74' title='bbox 1759 569 1798 594; x_wconf 90' lang='lat' dir='ltr'>ut</span> <span class='ocrx_word' id='word_1_75' title='bbox 1812 560 1882 594; x_wconf 89' lang='lat' dir='ltr'>sciri</span> <span class='ocrx_word' id='word_1_76' title='bbox 1897 569 2000 607; x_wconf 88' lang='lat' dir='ltr'>queat</span> <span class='ocrx_word' id='word_1_77' title='bbox 2012 561 2055 597; x_wconf 84' lang='lat' dir='ltr'>de</span> <span class='ocrx_word' id='word_1_78' title='bbox 2079 580 2082 593; x_wconf 82' lang='grc'>.</span> 
     </span>
     <span class='ocr_line' id='line_1_8' title="bbox 351 606 2054 656; baseline 0 -14"><span class='ocrx_word' id='word_1_79' title='bbox 351 608 484 642; x_wconf 85' lang='lat' dir='ltr'>duabus</span> <span class='ocrx_word' id='word_1_80' title='bbox 492 607 605 654; x_wconf 91' lang='lat' dir='ltr'>aquis,</span> <span class='ocrx_word' id='word_1_81' title='bbox 620 617 696 653; x_wconf 86' lang='lat' dir='ltr'>quae</span> <span class='ocrx_word' id='word_1_82' title='bbox 710 606 747 641; x_wconf 82' lang='lat' dir='ltr'>fit</span> <span class='ocrx_word' id='word_1_83' title='bbox 761 606 913 641; x_wconf 86' lang='lat' dir='ltr'>subtilior</span> <span class='ocrx_word' id='word_1_84' title='bbox 926 606 961 641; x_wconf 91' lang='lat' dir='ltr'>in</span> <span class='ocrx_word' id='word_1_85' title='bbox 976 606 1173 647; x_wconf 88' lang='lat' dir='ltr'>substantia,</span> <span class='ocrx_word' id='word_1_86' title='bbox 1187 607 1223 643; x_wconf 66' lang='grc' dir='ltr'>ὃς</span> <span class='ocrx_word' id='word_1_87' title='bbox 1236 607 1291 642; x_wconf 83' lang='lat' dir='ltr'>vei</span> <span class='ocrx_word' id='word_1_88' title='bbox 1300 608 1381 642; x_wconf 89' lang='lat' dir='ltr'>ideo</span> <span class='ocrx_word' id='word_1_89' title='bbox 1396 608 1605 655; x_wconf 73' lang='lat' dir='ltr'>praestantior</span> <span class='ocrx_word' id='word_1_90' title='bbox 1613 610 1656 643; x_wconf 89' lang='lat' dir='ltr'>ad</span> <span class='ocrx_word' id='word_1_91' title='bbox 1666 618 1806 656; x_wconf 91' lang='lat' dir='ltr'>potum,</span> <span class='ocrx_word' id='word_1_92' title='bbox 1823 608 1964 655; x_wconf 86' lang='lat' dir='ltr'>sequens</span> <span class='ocrx_word' id='word_1_93' title='bbox 1980 619 2054 642; x_wconf 91' lang='lat' dir='ltr'>mo-</span> 
     </span>
     <span class='ocr_line' id='line_1_9' title="bbox 350 654 2081 703; baseline 0.001 -13"><span class='ocrx_word' id='word_1_94' title='bbox 350 657 416 690; x_wconf 90' lang='lat' dir='ltr'>dus</span> <span class='ocrx_word' id='word_1_95' title='bbox 424 654 591 690; x_wconf 87' lang='lat' dir='ltr'>observari</span> <span class='ocrx_word' id='word_1_96' title='bbox 601 654 730 702; x_wconf 86' lang='lat' dir='ltr'>potest:</span> <span class='ocrx_word' id='word_1_97' title='bbox 744 654 933 703; x_wconf 85' lang='lat' dir='ltr'>intingatur</span> <span class='ocrx_word' id='word_1_98' title='bbox 946 665 1079 702; x_wconf 88' lang='lat' dir='ltr'>pannus</span> <span class='ocrx_word' id='word_1_99' title='bbox 1092 655 1203 690; x_wconf 82' lang='lat' dir='ltr'>lineus</span> <span class='ocrx_word' id='word_1_100' title='bbox 1219 657 1311 691; x_wconf 91' lang='lat' dir='ltr'>bene</span> <span class='ocrx_word' id='word_1_101' title='bbox 1322 658 1474 691; x_wconf 88' lang='lat' dir='ltr'>mundus</span> <span class='ocrx_word' id='word_1_102' title='bbox 1489 658 1524 692; x_wconf 89' lang='lat' dir='ltr'>in</span> <span class='ocrx_word' id='word_1_103' title='bbox 1539 669 1624 696; x_wconf 91' lang='lat' dir='ltr'>una,</span> <span class='ocrx_word' id='word_1_104' title='bbox 1639 657 1674 693; x_wconf 70' lang='grc' dir='ltr'>ὅ(</span> <span class='ocrx_word' id='word_1_105' title='bbox 1684 657 1766 692; x_wconf 86' lang='lat' dir='ltr'>alius</span> <span class='ocrx_word' id='word_1_106' title='bbox 1782 656 1974 691; x_wconf 87' lang='lat' dir='ltr'>similiterin</span> <span class='ocrx_word' id='word_1_107' title='bbox 1982 656 2054 692; x_wconf 88' lang='lat' dir='ltr'>alia.</span> <span class='ocrx_word' id='word_1_108' title='bbox 2080 679 2081 682; x_wconf 63' lang='lat'><em>=</em></span> 
     </span>
     <span class='ocr_line' id='line_1_10' title="bbox 350 702 2055 752; baseline 0.001 -14"><span class='ocrx_word' id='word_1_109' title='bbox 350 704 602 739; x_wconf 87' lang='lat' dir='ltr'>Deindeambo</span> <span class='ocrx_word' id='word_1_110' title='bbox 611 702 714 750; x_wconf 87' lang='lat' dir='ltr'>panni</span> <span class='ocrx_word' id='word_1_111' title='bbox 724 702 857 738; x_wconf 69' lang='lat' dir='ltr'>intinffi</span> <span class='ocrx_word' id='word_1_112' title='bbox 865 713 1083 751; x_wconf 81' lang='lat' dir='ltr'>exponantur</span> <span class='ocrx_word' id='word_1_113' title='bbox 1093 703 1181 743; x_wconf 88' lang='lat' dir='ltr'>Soli,</span> <span class='ocrx_word' id='word_1_114' title='bbox 1196 704 1254 751; x_wconf 89' lang='lat' dir='ltr'>qui</span> <span class='ocrx_word' id='word_1_115' title='bbox 1269 704 1363 752; x_wconf 89' lang='lat' dir='ltr'>prius</span> <span class='ocrx_word' id='word_1_116' title='bbox 1373 704 1577 751; x_wconf 79' lang='lat' dir='ltr'>exficcatur3</span> <span class='ocrx_word' id='word_1_117' title='bbox 1589 705 1676 740; x_wconf 85' lang='lat' dir='ltr'>illius</span> <span class='ocrx_word' id='word_1_118' title='bbox 1686 716 1772 752; x_wconf 85' lang='lat' dir='ltr'>aqua</span> <span class='ocrx_word' id='word_1_119' title='bbox 1782 703 1932 739; x_wconf 87' lang='lat' dir='ltr'>subtilior</span> <span class='ocrx_word' id='word_1_120' title='bbox 1941 704 2055 739; x_wconf 73' lang='lat' dir='ltr'>ceule-</span> 
     </span>
     <span class='ocr_line' id='line_1_11' title="bbox 346 750 2081 801; baseline 0 -14"><span class='ocrx_word' id='word_1_121' title='bbox 346 753 442 788; x_wconf 87' lang='lat' dir='ltr'>bitur</span> <span class='ocrx_word' id='word_1_122' title='bbox 452 773 465 791; x_wconf 88' lang='lat'>,</span> <span class='ocrx_word' id='word_1_123' title='bbox 477 750 883 799; x_wconf 77' lang='lat' dir='ltr'>quippeaiaecibusterrae</span> <span class='ocrx_word' id='word_1_124' title='bbox 891 753 1021 798; x_wconf 86' lang='lat' dir='ltr'>purior.</span> <span class='ocrx_word' id='word_1_125' title='bbox 1071 751 1363 788; x_wconf 88' lang='lat' dir='ltr'>Conducitetiam</span> <span class='ocrx_word' id='word_1_126' title='bbox 1372 764 1467 801; x_wconf 85' lang='lat' dir='ltr'>aquae</span> <span class='ocrx_word' id='word_1_127' title='bbox 1476 754 1758 801; x_wconf 65' lang='lat' dir='ltr'>evaporationem</span> <span class='ocrx_word' id='word_1_128' title='bbox 1775 754 1817 787; x_wconf 91' lang='lat' dir='ltr'>ad</span> <span class='ocrx_word' id='word_1_129' title='bbox 1832 752 1947 800; x_wconf 87' lang='lat' dir='ltr'>ignem</span> <span class='ocrx_word' id='word_1_130' title='bbox 1963 752 2054 787; x_wconf 83' lang='lat' dir='ltr'>insti·</span> <span class='ocrx_word' id='word_1_131' title='bbox 2080 787 2081 790; x_wconf 70' lang='grc'>,</span> 
     </span>
     <span class='ocr_line' id='line_1_12' title="bbox 346 797 2081 854; baseline 0.001 -19"><span class='ocrx_word' id='word_1_132' title='bbox 346 809 459 835; x_wconf 87' lang='lat' dir='ltr'>tuere.</span> <span class='ocrx_word' id='word_1_133' title='bbox 508 797 618 846; x_wconf 81' lang='lat' dir='ltr'>Qod</span> <span class='ocrx_word' id='word_1_134' title='bbox 633 798 815 834; x_wconf 77' lang='lat' dir='ltr'>liinfundo</span> <span class='ocrx_word' id='word_1_135' title='bbox 830 799 915 834; x_wconf 86' lang='lat' dir='ltr'>nihil</span> <span class='ocrx_word' id='word_1_136' title='bbox 930 800 1275 840; x_wconf 76' lang='lat' dir='ltr'>remaneat,&amp;facile</span> <span class='ocrx_word' id='word_1_137' title='bbox 1289 801 1405 836; x_wconf 80' lang='lat' dir='ltr'>omnis</span> <span class='ocrx_word' id='word_1_138' title='bbox 1413 800 1530 854; x_wconf 69' lang='lat' dir='ltr'>evolet</span> <span class='ocrx_word' id='word_1_139' title='bbox 1544 814 1632 849; x_wconf 84' lang='lat' dir='ltr'>aqua</span> <span class='ocrx_word' id='word_1_140' title='bbox 1643 824 1654 842; x_wconf 98' lang='lat'>,</span> <span class='ocrx_word' id='word_1_141' title='bbox 1669 802 1800 850; x_wconf 90' lang='lat' dir='ltr'>optima</span> <span class='ocrx_word' id='word_1_142' title='bbox 1813 801 1982 836; x_wconf 86' lang='lat' dir='ltr'>censenda</span> <span class='ocrx_word' id='word_1_143' title='bbox 1996 800 2053 842; x_wconf 84' lang='lat' dir='ltr'>est,</span> <span class='ocrx_word' id='word_1_144' title='bbox 2080 806 2081 818; x_wconf 70' lang='lat'>³</span> 
     </span>
     <span class='ocr_line' id='line_1_13' title="bbox 348 846 2080 896; baseline 0.001 -12"><span class='ocrx_word' id='word_1_145' title='bbox 348 847 444 884; x_wconf 85' lang='lat' dir='ltr'>secus</span> <span class='ocrx_word' id='word_1_146' title='bbox 455 846 475 882; x_wconf 83' lang='lat' dir='ltr'>fi</span> <span class='ocrx_word' id='word_1_147' title='bbox 488 846 608 886; x_wconf 87' lang='lat' dir='ltr'>limus,</span> <span class='ocrx_word' id='word_1_148' title='bbox 624 847 773 888; x_wconf 88' lang='lat' dir='ltr'>nitrum,</span> <span class='ocrx_word' id='word_1_149' title='bbox 786 847 839 883; x_wconf 86' lang='lat' dir='ltr'>vei</span> <span class='ocrx_word' id='word_1_150' title='bbox 850 847 1105 884; x_wconf 85' lang='lat' dir='ltr'>saliamineralia</span> <span class='ocrx_word' id='word_1_151' title='bbox 1116 849 1364 896; x_wconf 86' lang='lat' dir='ltr'>relinquantur.</span> <span class='ocrx_word' id='word_1_152' title='bbox 2079 863 2080 866; x_wconf 50' lang='lat'>¹</span> 
     </span>
    </p>

    <p class='ocr_par' dir='ltr' id='par_1_3' title="bbox 343 894 2087 1238">
     <span class='ocr_line' id='line_1_14' title="bbox 443 894 2054 945; baseline 0.001 -15"><span class='ocrx_word' id='word_1_153' title='bbox 443 895 616 931; x_wconf 69' lang='lat' dir='ltr'>Praeditris</span> <span class='ocrx_word' id='word_1_154' title='bbox 630 896 891 931; x_wconf 85' lang='lat' dir='ltr'>conditionibus</span> <span class='ocrx_word' id='word_1_155' title='bbox 910 898 1011 932; x_wconf 80' lang='lat' dir='ltr'>bouae</span> <span class='ocrx_word' id='word_1_156' title='bbox 1026 907 1122 944; x_wconf 81' lang='lat' dir='ltr'>aquae</span> <span class='ocrx_word' id='word_1_157' title='bbox 1138 898 1241 932; x_wconf 85' lang='lat' dir='ltr'>etiam</span> <span class='ocrx_word' id='word_1_158' title='bbox 1258 897 1439 945; x_wconf 83' lang='lat' dir='ltr'>sequentes</span> <span class='ocrx_word' id='word_1_159' title='bbox 1454 898 1582 945; x_wconf 84' lang='lat' dir='ltr'>apponi</span> <span class='ocrx_word' id='word_1_160' title='bbox 1596 897 1716 934; x_wconf 75' lang='lat' dir='ltr'>solent.</span> <span class='ocrx_word' id='word_1_161' title='bbox 1767 895 1885 932; x_wconf 82' lang='lat' dir='ltr'>Primo</span> <span class='ocrx_word' id='word_1_162' title='bbox 1898 917 1909 935; x_wconf 94' lang='lat'>,</span> <span class='ocrx_word' id='word_1_163' title='bbox 1923 894 1943 930; x_wconf 85' lang='lat' dir='ltr'>[i</span> <span class='ocrx_word' id='word_1_164' title='bbox 1958 905 2054 942; x_wconf 80' lang='lat' dir='ltr'>aquae</span> 
     </span>
     <span class='ocr_line' id='line_1_15' title="bbox 346 943 2080 993; baseline -0.001 -14"><span class='ocrx_word' id='word_1_165' title='bbox 346 944 594 990; x_wconf 86' lang='lat' dir='ltr'>fonserumpat</span> <span class='ocrx_word' id='word_1_166' title='bbox 606 944 648 978; x_wconf 87' lang='lat' dir='ltr'>ad</span> <span class='ocrx_word' id='word_1_167' title='bbox 657 943 1599 993; x_wconf 79' lang='lat' dir='ltr'>orientemSolem,quibeneficoafflatulaticesmodice</span> <span class='ocrx_word' id='word_1_168' title='bbox 1608 954 1791 992; x_wconf 78' lang='lat' dir='ltr'>excoquat.</span> <span class='ocrx_word' id='word_1_169' title='bbox 1839 956 1870 980; x_wconf 92' lang='lat'>2.</span> <span class='ocrx_word' id='word_1_170' title='bbox 1879 943 1913 979; x_wconf 88' lang='lat' dir='ltr'>Si</span> <span class='ocrx_word' id='word_1_171' title='bbox 1921 953 1963 978; x_wconf 80' lang='lat' dir='ltr'>ex</span> <span class='ocrx_word' id='word_1_172' title='bbox 1979 944 2054 978; x_wconf 86' lang='lat' dir='ltr'>sub-</span> <span class='ocrx_word' id='word_1_173' title='bbox 2078 965 2080 971; x_wconf 39' lang='grc' dir='ltr'><strong><em>ι</em></strong></span> 
     </span>
     <span class='ocr_line' id='line_1_16' title="bbox 344 990 2087 1041; baseline -0.001 -14"><span class='ocrx_word' id='word_1_174' title='bbox 344 990 905 1033; x_wconf 81' lang='lat' dir='ltr'>limilocodescendat,moderate</span> <span class='ocrx_word' id='word_1_175' title='bbox 917 1004 1050 1033; x_wconf 86' lang='lat' dir='ltr'>tamen,</span> <span class='ocrx_word' id='word_1_176' title='bbox 1059 993 1093 1028; x_wconf 91' lang='lat' dir='ltr'>id</span> <span class='ocrx_word' id='word_1_177' title='bbox 1102 993 1167 1033; x_wconf 75' lang='lat' dir='ltr'>est,</span> <span class='ocrx_word' id='word_1_178' title='bbox 1179 1005 1223 1030; x_wconf 83' lang='lat' dir='ltr'>ex</span> <span class='ocrx_word' id='word_1_179' title='bbox 1236 994 1391 1033; x_wconf 81' lang='lat' dir='ltr'>collibus.</span> <span class='ocrx_word' id='word_1_180' title='bbox 1440 994 1560 1030; x_wconf 90' lang='lat' dir='ltr'>Tertio</span> <span class='ocrx_word' id='word_1_181' title='bbox 1570 1018 1579 1035; x_wconf 96' lang='lat'>,</span> <span class='ocrx_word' id='word_1_182' title='bbox 1595 995 1617 1029; x_wconf 93' lang='lat' dir='ltr'>si</span> <span class='ocrx_word' id='word_1_183' title='bbox 1629 1004 1767 1030; x_wconf 85' lang='lat' dir='ltr'>terreno</span> <span class='ocrx_word' id='word_1_184' title='bbox 1781 993 1916 1041; x_wconf 88' lang='lat' dir='ltr'>optimo</span> <span class='ocrx_word' id='word_1_185' title='bbox 1926 1017 1935 1032; x_wconf 90' lang='lat'>,</span> <span class='ocrx_word' id='word_1_186' title='bbox 1948 1002 2055 1040; x_wconf 83' lang='lat' dir='ltr'>appo·-</span> <span class='ocrx_word' id='word_1_187' title='bbox 2084 1023 2087 1025; x_wconf 90' lang='lat'>.</span> 
     </span>
     <span class='ocr_line' id='line_1_17' title="bbox 345 1040 2079 1090; baseline 0.001 -15"><span class='ocrx_word' id='word_1_188' title='bbox 345 1041 492 1087; x_wconf 74' lang='lat' dir='ltr'>sitoque.</span> <span class='ocrx_word' id='word_1_189' title='bbox 546 1040 631 1076; x_wconf 87' lang='lat' dir='ltr'>Tale</span> <span class='ocrx_word' id='word_1_190' title='bbox 641 1052 724 1076; x_wconf 87' lang='lat' dir='ltr'>vero</span> <span class='ocrx_word' id='word_1_191' title='bbox 734 1040 797 1081; x_wconf 92' lang='lat' dir='ltr'>est,</span> <span class='ocrx_word' id='word_1_192' title='bbox 806 1041 839 1076; x_wconf 89' lang='lat' dir='ltr'>in</span> <span class='ocrx_word' id='word_1_193' title='bbox 848 1054 918 1089; x_wconf 89' lang='lat' dir='ltr'>quo</span> <span class='ocrx_word' id='word_1_194' title='bbox 927 1043 1094 1090; x_wconf 84' lang='lat' dir='ltr'>reperitur</span> <span class='ocrx_word' id='word_1_195' title='bbox 1103 1042 1231 1089; x_wconf 86' lang='lat' dir='ltr'>tophus</span> <span class='ocrx_word' id='word_1_196' title='bbox 1239 1042 1273 1079; x_wconf 76' lang='grc' dir='ltr'>ὅ(</span> <span class='ocrx_word' id='word_1_197' title='bbox 1283 1053 1370 1079; x_wconf 86' lang='lat' dir='ltr'>terra</span> <span class='ocrx_word' id='word_1_198' title='bbox 1379 1055 1461 1090; x_wconf 85' lang='lat' dir='ltr'>pura</span> <span class='ocrx_word' id='word_1_199' title='bbox 1469 1065 1479 1083; x_wconf 85' lang='lat'>,</span> <span class='ocrx_word' id='word_1_200' title='bbox 1489 1053 1598 1078; x_wconf 77' lang='lat' dir='ltr'>mocio</span> <span class='ocrx_word' id='word_1_201' title='bbox 1608 1041 1746 1078; x_wconf 76' lang='lat' dir='ltr'>crassior</span> <span class='ocrx_word' id='word_1_202' title='bbox 1755 1042 1801 1077; x_wconf 83' lang='lat' dir='ltr'>lit.</span> <span class='ocrx_word' id='word_1_203' title='bbox 1827 1042 1866 1076; x_wconf 89' lang='lat' dir='ltr'>ld</span> <span class='ocrx_word' id='word_1_204' title='bbox 1875 1040 1966 1075; x_wconf 90' lang='lat' dir='ltr'>enim</span> <span class='ocrx_word' id='word_1_205' title='bbox 1981 1049 2055 1076; x_wconf 77' lang='lat' dir='ltr'>non</span> <span class='ocrx_word' id='word_1_206' title='bbox 2078 1048 2079 1058; x_wconf 66' lang='lat'>³</span> 
     </span>
     <span class='ocr_line' id='line_1_18' title="bbox 346 1089 2054 1139; baseline -0.001 -16"><span class='ocrx_word' id='word_1_207' title='bbox 346 1089 509 1124; x_wconf 88' lang='lat' dir='ltr'>immutat</span> <span class='ocrx_word' id='word_1_208' title='bbox 517 1100 640 1136; x_wconf 87' lang='lat' dir='ltr'>aquam</span> <span class='ocrx_word' id='word_1_209' title='bbox 647 1111 659 1128; x_wconf 86' lang='lat'>,</span> <span class='ocrx_word' id='word_1_210' title='bbox 667 1101 733 1124; x_wconf 90' lang='lat' dir='ltr'>nec</span> <span class='ocrx_word' id='word_1_211' title='bbox 742 1091 929 1139; x_wconf 83' lang='lat' dir='ltr'>peregrinis</span> <span class='ocrx_word' id='word_1_212' title='bbox 938 1091 1061 1126; x_wconf 87' lang='lat' dir='ltr'>imbuit</span> <span class='ocrx_word' id='word_1_213' title='bbox 1069 1091 1298 1137; x_wconf 85' lang='lat' dir='ltr'>qualitatibus,</span> <span class='ocrx_word' id='word_1_214' title='bbox 1305 1101 1343 1127; x_wconf 94' lang='lat' dir='ltr'>ut</span> <span class='ocrx_word' id='word_1_215' title='bbox 1350 1091 1467 1127; x_wconf 70' lang='lat' dir='ltr'>assolet</span> <span class='ocrx_word' id='word_1_216' title='bbox 1475 1092 1639 1127; x_wconf 77' lang='lat' dir='ltr'>nitrosum</span> <span class='ocrx_word' id='word_1_217' title='bbox 1648 1113 1659 1131; x_wconf 86' lang='lat'>,</span> <span class='ocrx_word' id='word_1_218' title='bbox 1674 1091 1788 1126; x_wconf 83' lang='lat' dir='ltr'>salsum</span> <span class='ocrx_word' id='word_1_219' title='bbox 1795 1109 1804 1127; x_wconf 75' lang='lat'>2</span> <span class='ocrx_word' id='word_1_220' title='bbox 1814 1089 1945 1136; x_wconf 82' lang='lat' dir='ltr'>aliaque</span> <span class='ocrx_word' id='word_1_221' title='bbox 1954 1089 1988 1123; x_wconf 86' lang='lat' dir='ltr'>id</span> <span class='ocrx_word' id='word_1_222' title='bbox 1996 1099 2054 1137; x_wconf 86' lang='lat' dir='ltr'>ge·</span> 
     </span>
     <span class='ocr_line' id='line_1_19' title="bbox 343 1135 2054 1189; baseline -0.001 -17"><span class='ocrx_word' id='word_1_223' title='bbox 343 1148 424 1172; x_wconf 82' lang='lat' dir='ltr'>nuS.</span> <span class='ocrx_word' id='word_1_224' title='bbox 471 1137 574 1184; x_wconf 85' lang='lat' dir='ltr'>Juvat</span> <span class='ocrx_word' id='word_1_225' title='bbox 580 1147 697 1172; x_wconf 86' lang='lat' dir='ltr'>autem</span> <span class='ocrx_word' id='word_1_226' title='bbox 706 1135 908 1179; x_wconf 83' lang='lat' dir='ltr'>craffitudo,</span> <span class='ocrx_word' id='word_1_227' title='bbox 920 1139 999 1186; x_wconf 87' lang='lat' dir='ltr'>quia</span> <span class='ocrx_word' id='word_1_228' title='bbox 1010 1141 1093 1173; x_wconf 90' lang='lat' dir='ltr'>dum</span> <span class='ocrx_word' id='word_1_229' title='bbox 1101 1139 1274 1186; x_wconf 87' lang='lat' dir='ltr'>liquorem</span> <span class='ocrx_word' id='word_1_230' title='bbox 1282 1140 1444 1188; x_wconf 85' lang='lat' dir='ltr'>angustiis</span> <span class='ocrx_word' id='word_1_231' title='bbox 1451 1151 1616 1175; x_wconf 90' lang='lat' dir='ltr'>venarum</span> <span class='ocrx_word' id='word_1_232' title='bbox 1626 1140 1772 1189; x_wconf 81' lang='lat' dir='ltr'>stringit,</span> <span class='ocrx_word' id='word_1_233' title='bbox 1782 1139 1931 1174; x_wconf 87' lang='lat' dir='ltr'>colando</span> <span class='ocrx_word' id='word_1_234' title='bbox 1940 1137 2054 1172; x_wconf 86' lang='lat' dir='ltr'>tenui-</span> 
     </span>
     <span class='ocr_line' id='line_1_20' title="bbox 346 1185 1842 1238; baseline 0.002 -17"><span class='ocrx_word' id='word_1_235' title='bbox 346 1196 446 1221; x_wconf 84' lang='lat' dir='ltr'>orem</span> <span class='ocrx_word' id='word_1_236' title='bbox 455 1185 547 1222; x_wconf 73' lang='lat' dir='ltr'>iacit.</span> <span class='ocrx_word' id='word_1_237' title='bbox 599 1186 754 1221; x_wconf 86' lang='lat' dir='ltr'>Demum</span> <span class='ocrx_word' id='word_1_238' title='bbox 764 1188 864 1222; x_wconf 83' lang='lat' dir='ltr'>bonae</span> <span class='ocrx_word' id='word_1_239' title='bbox 873 1199 968 1234; x_wconf 81' lang='lat' dir='ltr'>aquae</span> <span class='ocrx_word' id='word_1_240' title='bbox 978 1187 1145 1222; x_wconf 87' lang='lat' dir='ltr'>indicium</span> <span class='ocrx_word' id='word_1_241' title='bbox 1155 1186 1217 1228; x_wconf 78' lang='lat' dir='ltr'>est,</span> <span class='ocrx_word' id='word_1_242' title='bbox 1226 1189 1261 1222; x_wconf 89' lang='lat' dir='ltr'>in</span> <span class='ocrx_word' id='word_1_243' title='bbox 1269 1188 1518 1238; x_wconf 84' lang='lat' dir='ltr'>qualegumina</span> <span class='ocrx_word' id='word_1_244' title='bbox 1526 1188 1624 1224; x_wconf 79' lang='lat' dir='ltr'>facile</span> <span class='ocrx_word' id='word_1_245' title='bbox 1631 1197 1842 1235; x_wconf 75' lang='lat' dir='ltr'>coquuntur.</span> 
     </span>
    </p>

    <p class='ocr_par' dir='ltr' id='par_1_4' title="bbox 341 1233 2083 1526">
     <span class='ocr_line' id='line_1_21' title="bbox 442 1233 2082 1283; baseline -0.001 -15"><span class='ocrx_word' id='word_1_246' title='bbox 442 1233 632 1270; x_wconf 82' lang='lat' dir='ltr'>Conclufio</span> <span class='ocrx_word' id='word_1_247' title='bbox 642 1236 800 1270; x_wconf 80' lang='lat' dir='ltr'>iecunda.</span> <span class='ocrx_word' id='word_1_248' title='bbox 849 1238 959 1283; x_wconf 83' lang='lat' dir='ltr'>Aquae</span> <span class='ocrx_word' id='word_1_249' title='bbox 968 1236 1043 1282; x_wconf 86' lang='lat' dir='ltr'>post</span> <span class='ocrx_word' id='word_1_250' title='bbox 1051 1237 1317 1271; x_wconf 88' lang='lat' dir='ltr'>ventosvalidos</span> <span class='ocrx_word' id='word_1_251' title='bbox 1326 1237 1450 1272; x_wconf 82' lang='lat' dir='ltr'>haustae</span> <span class='ocrx_word' id='word_1_252' title='bbox 1459 1248 1532 1272; x_wconf 89' lang='lat' dir='ltr'>non</span> <span class='ocrx_word' id='word_1_253' title='bbox 1549 1240 1624 1271; x_wconf 86' lang='lat' dir='ltr'>lunt</span> <span class='ocrx_word' id='word_1_254' title='bbox 1639 1246 1708 1271; x_wconf 83' lang='lat' dir='ltr'>tam</span> <span class='ocrx_word' id='word_1_255' title='bbox 1725 1236 1870 1271; x_wconf 87' lang='lat' dir='ltr'>salubres</span> <span class='ocrx_word' id='word_1_256' title='bbox 1883 1233 1918 1269; x_wconf 86' lang='lat'>&amp;</span> <span class='ocrx_word' id='word_1_257' title='bbox 1933 1234 2052 1273; x_wconf 79' lang='lat' dir='ltr'>bonae,</span> <span class='ocrx_word' id='word_1_258' title='bbox 2080 1240 2082 1242; x_wconf 79' lang='grc'>’</span> 
     </span>
     <span class='ocr_line' id='line_1_22' title="bbox 343 1284 2083 1331; baseline 0 -15"><span class='ocrx_word' id='word_1_259' title='bbox 343 1294 448 1330; x_wconf 90' lang='lat' dir='ltr'>quam</span> <span class='ocrx_word' id='word_1_260' title='bbox 458 1293 534 1329; x_wconf 83' lang='lat' dir='ltr'>quae</span> <span class='ocrx_word' id='word_1_261' title='bbox 546 1292 670 1329; x_wconf 87' lang='lat' dir='ltr'>pacato</span> <span class='ocrx_word' id='word_1_262' title='bbox 682 1292 844 1330; x_wconf 87' lang='lat' dir='ltr'>tempore</span> <span class='ocrx_word' id='word_1_263' title='bbox 859 1295 901 1319; x_wconf 83' lang='lat' dir='ltr'>ex</span> <span class='ocrx_word' id='word_1_264' title='bbox 914 1295 1128 1331; x_wconf 88' lang='lat' dir='ltr'>quocunque</span> <span class='ocrx_word' id='word_1_265' title='bbox 1141 1284 1224 1320; x_wconf 88' lang='lat' dir='ltr'>loco</span> <span class='ocrx_word' id='word_1_266' title='bbox 1241 1285 1498 1323; x_wconf 82' lang='lat' dir='ltr'>exhauriuntur.</span> <span class='ocrx_word' id='word_1_267' title='bbox 1549 1285 1649 1320; x_wconf 87' lang='lat' dir='ltr'>Ratio</span> <span class='ocrx_word' id='word_1_268' title='bbox 1666 1284 1730 1324; x_wconf 85' lang='lat' dir='ltr'>est,</span> <span class='ocrx_word' id='word_1_269' title='bbox 1744 1284 1823 1331; x_wconf 86' lang='lat' dir='ltr'>quia</span> <span class='ocrx_word' id='word_1_270' title='bbox 1837 1294 1879 1318; x_wconf 87' lang='lat' dir='ltr'>ex</span> <span class='ocrx_word' id='word_1_271' title='bbox 1893 1293 2054 1318; x_wconf 89' lang='lat' dir='ltr'>commo-</span> <span class='ocrx_word' id='word_1_272' title='bbox 2081 1323 2083 1327; x_wconf 33' lang='grc' dir='ltr'>Ι</span> 
     </span>
     <span class='ocr_line' id='line_1_23' title="bbox 344 1327 2077 1381; baseline -0.001 -16"><span class='ocrx_word' id='word_1_273' title='bbox 344 1330 505 1366; x_wconf 84' lang='lat' dir='ltr'>tioneilla</span> <span class='ocrx_word' id='word_1_274' title='bbox 512 1331 713 1366; x_wconf 87' lang='lat' dir='ltr'>vehementi</span> <span class='ocrx_word' id='word_1_275' title='bbox 721 1354 731 1371; x_wconf 94' lang='lat'>,</span> <span class='ocrx_word' id='word_1_276' title='bbox 740 1333 824 1367; x_wconf 90' lang='lat' dir='ltr'>dum</span> <span class='ocrx_word' id='word_1_277' title='bbox 833 1341 921 1367; x_wconf 87' lang='lat' dir='ltr'>terra</span> <span class='ocrx_word' id='word_1_278' title='bbox 929 1332 1073 1367; x_wconf 91' lang='lat' dir='ltr'>nimium</span> <span class='ocrx_word' id='word_1_279' title='bbox 1083 1333 1301 1372; x_wconf 73' lang='lat' dir='ltr'>concutitur,</span> <span class='ocrx_word' id='word_1_280' title='bbox 1310 1334 1412 1369; x_wconf 87' lang='lat' dir='ltr'>etiam</span> <span class='ocrx_word' id='word_1_281' title='bbox 1423 1334 1534 1370; x_wconf 84' lang='lat' dir='ltr'>noxiae</span> <span class='ocrx_word' id='word_1_282' title='bbox 1543 1335 1699 1381; x_wconf 80' lang='lat' dir='ltr'>quaedam</span> <span class='ocrx_word' id='word_1_283' title='bbox 1709 1332 1971 1378; x_wconf 82' lang='lat' dir='ltr'>evaporationes</span> <span class='ocrx_word' id='word_1_284' title='bbox 1979 1353 1989 1369; x_wconf 89' lang='lat'>,</span> <span class='ocrx_word' id='word_1_285' title='bbox 1998 1327 2054 1365; x_wconf 89' lang='lat' dir='ltr'>vel</span> <span class='ocrx_word' id='word_1_286' title='bbox 2076 1341 2077 1352; x_wconf 62' lang='lat'>¹</span> 
     </span>
     <span class='ocr_line' id='line_1_24' title="bbox 342 1376 2076 1430; baseline -0.001 -17"><span class='ocrx_word' id='word_1_287' title='bbox 342 1379 568 1427; x_wconf 86' lang='lat' dir='ltr'>pulveres,ac</span> <span class='ocrx_word' id='word_1_288' title='bbox 579 1378 693 1414; x_wconf 88' lang='lat' dir='ltr'>sordes</span> <span class='ocrx_word' id='word_1_289' title='bbox 702 1379 962 1429; x_wconf 73' lang='lat' dir='ltr'>qualescunque</span> <span class='ocrx_word' id='word_1_290' title='bbox 970 1381 1085 1416; x_wconf 89' lang='lat' dir='ltr'>eidem</span> <span class='ocrx_word' id='word_1_291' title='bbox 1100 1381 1387 1422; x_wconf 77' lang='lat' dir='ltr'>commiscentur,</span> <span class='ocrx_word' id='word_1_292' title='bbox 1401 1394 1476 1430; x_wconf 77' lang='lat' dir='ltr'>quae</span> <span class='ocrx_word' id='word_1_293' title='bbox 1491 1382 1621 1417; x_wconf 90' lang='lat' dir='ltr'>idcirco</span> <span class='ocrx_word' id='word_1_294' title='bbox 1638 1382 1752 1416; x_wconf 88' lang='lat' dir='ltr'>minus</span> <span class='ocrx_word' id='word_1_295' title='bbox 1768 1381 1930 1415; x_wconf 78' lang='lat' dir='ltr'>lalubrem</span> <span class='ocrx_word' id='word_1_296' title='bbox 1946 1376 2051 1413; x_wconf 86' lang='lat' dir='ltr'>effici·</span> <span class='ocrx_word' id='word_1_297' title='bbox 2075 1384 2076 1390; x_wconf 63' lang='lat'>¹</span> 
     </span>
     <span class='ocr_line' id='line_1_25' title="bbox 342 1425 2052 1478; baseline -0.001 -15"><span class='ocrx_word' id='word_1_298' title='bbox 342 1436 418 1463; x_wconf 90' lang='lat' dir='ltr'>unt.</span> <span class='ocrx_word' id='word_1_299' title='bbox 470 1428 575 1462; x_wconf 86' lang='lat' dir='ltr'>Unde</span> <span class='ocrx_word' id='word_1_300' title='bbox 585 1428 620 1463; x_wconf 71' lang='grc' dir='ltr'>ὃς</span> <span class='ocrx_word' id='word_1_301' title='bbox 629 1429 719 1463; x_wconf 91' lang='lat' dir='ltr'>bene</span> <span class='ocrx_word' id='word_1_302' title='bbox 729 1428 909 1466; x_wconf 84' lang='lat' dir='ltr'>Cardanus</span> <span class='ocrx_word' id='word_1_303' title='bbox 919 1430 953 1464; x_wconf 89' lang='lat' dir='ltr'>in</span> <span class='ocrx_word' id='word_1_304' title='bbox 962 1429 1167 1477; x_wconf 90' lang='lat' dir='ltr'>Hippocrat.</span> <span class='ocrx_word' id='word_1_305' title='bbox 1176 1429 1232 1467; x_wconf 68' lang='lat' dir='ltr'>lib,</span> <span class='ocrx_word' id='word_1_306' title='bbox 1241 1442 1271 1464; x_wconf 90' lang='lat'>2.</span> <span class='ocrx_word' id='word_1_307' title='bbox 1282 1431 1326 1467; x_wconf 84' lang='lat' dir='ltr'>de</span> <span class='ocrx_word' id='word_1_308' title='bbox 1334 1436 1412 1467; x_wconf 84' lang='lat' dir='ltr'>a&#39;e&#39;re</span> <span class='ocrx_word' id='word_1_309' title='bbox 1422 1431 1456 1469; x_wconf 72' lang='grc' dir='ltr'>ὅ(</span> <span class='ocrx_word' id='word_1_310' title='bbox 1465 1431 1561 1478; x_wconf 86' lang='lat' dir='ltr'>aquis</span> <span class='ocrx_word' id='word_1_311' title='bbox 1569 1439 1665 1465; x_wconf 88' lang='lat' dir='ltr'>textu</span> <span class='ocrx_word' id='word_1_312' title='bbox 1673 1442 1727 1475; x_wconf 84' lang='lat'>24.</span> <span class='ocrx_word' id='word_1_313' title='bbox 1739 1429 1907 1469; x_wconf 67' lang='lat' dir='ltr'>dicit2non</span> <span class='ocrx_word' id='word_1_314' title='bbox 1917 1425 1982 1462; x_wconf 79' lang='lat' dir='ltr'>esse</span> <span class='ocrx_word' id='word_1_315' title='bbox 1990 1428 2052 1462; x_wconf 90' lang='lat' dir='ltr'>bo-</span> 
     </span>
     <span class='ocr_line' id='line_1_26' title="bbox 341 1476 1857 1526; baseline 0.003 -16"><span class='ocrx_word' id='word_1_316' title='bbox 341 1487 441 1516; x_wconf 90' lang='lat' dir='ltr'>num,</span> <span class='ocrx_word' id='word_1_317' title='bbox 448 1476 498 1510; x_wconf 86' lang='lat' dir='ltr'>uti</span> <span class='ocrx_word' id='word_1_318' title='bbox 507 1476 602 1522; x_wconf 85' lang='lat' dir='ltr'>aquis</span> <span class='ocrx_word' id='word_1_319' title='bbox 612 1476 825 1523; x_wconf 86' lang='lat' dir='ltr'>postvalidos</span> <span class='ocrx_word' id='word_1_320' title='bbox 833 1487 976 1523; x_wconf 82' lang='lat' dir='ltr'>ventos;</span> <span class='ocrx_word' id='word_1_321' title='bbox 986 1489 1065 1512; x_wconf 91' lang='lat' dir='ltr'>nam</span> <span class='ocrx_word' id='word_1_322' title='bbox 1077 1478 1179 1513; x_wconf 85' lang='lat' dir='ltr'>etiam</span> <span class='ocrx_word' id='word_1_323' title='bbox 1195 1479 1348 1525; x_wconf 80' lang='lat' dir='ltr'>hyemea</span> <span class='ocrx_word' id='word_1_324' title='bbox 1357 1479 1436 1526; x_wconf 85' lang='lat' dir='ltr'>ripis</span> <span class='ocrx_word' id='word_1_325' title='bbox 1445 1479 1480 1515; x_wconf 66' lang='grc' dir='ltr'>ὃς</span> <span class='ocrx_word' id='word_1_326' title='bbox 1489 1479 1587 1514; x_wconf 85' lang='lat' dir='ltr'>alveo</span> <span class='ocrx_word' id='word_1_327' title='bbox 1596 1479 1857 1514; x_wconf 79' lang='lat' dir='ltr'>conturbantur.</span> 
     </span>
    </p>

    <p class='ocr_par' dir='ltr' id='par_1_5' title="bbox 339 1522 2074 1767">
     <span class='ocr_line' id='line_1_27' title="bbox 440 1522 2051 1575; baseline 0 -17"><span class='ocrx_word' id='word_1_328' title='bbox 440 1523 630 1559; x_wconf 76' lang='lat' dir='ltr'>Conclusio</span> <span class='ocrx_word' id='word_1_329' title='bbox 645 1525 754 1560; x_wconf 86' lang='lat' dir='ltr'>tertia.</span> <span class='ocrx_word' id='word_1_330' title='bbox 779 1528 878 1573; x_wconf 84' lang='lat' dir='ltr'>Aqua</span> <span class='ocrx_word' id='word_1_331' title='bbox 888 1526 1243 1574; x_wconf 86' lang='lat' dir='ltr'>qualiscunquetanto</span> <span class='ocrx_word' id='word_1_332' title='bbox 1255 1528 1370 1562; x_wconf 87' lang='lat' dir='ltr'>minus</span> <span class='ocrx_word' id='word_1_333' title='bbox 1379 1528 1590 1568; x_wconf 89' lang='lat' dir='ltr'>damnanda,</span> <span class='ocrx_word' id='word_1_334' title='bbox 1598 1537 1729 1575; x_wconf 83' lang='lat' dir='ltr'>quanto</span> <span class='ocrx_word' id='word_1_335' title='bbox 1739 1538 1780 1560; x_wconf 78' lang='lat' dir='ltr'>ex</span> <span class='ocrx_word' id='word_1_336' title='bbox 1789 1523 1959 1572; x_wconf 82' lang='lat' dir='ltr'>trequenti</span> <span class='ocrx_word' id='word_1_337' title='bbox 1968 1522 2051 1558; x_wconf 86' lang='lat' dir='ltr'>hau-</span> 
     </span>
     <span class='ocr_line' id='line_1_28' title="bbox 339 1572 2070 1624; baseline -0.001 -17"><span class='ocrx_word' id='word_1_338' title='bbox 339 1572 506 1608; x_wconf 79' lang='lat' dir='ltr'>rientium</span> <span class='ocrx_word' id='word_1_339' title='bbox 525 1573 771 1609; x_wconf 86' lang='lat' dir='ltr'>commotione</span> <span class='ocrx_word' id='word_1_340' title='bbox 792 1575 901 1624; x_wconf 86' lang='lat' dir='ltr'>magis</span> <span class='ocrx_word' id='word_1_341' title='bbox 922 1575 1103 1624; x_wconf 81' lang='lat' dir='ltr'>magisque</span> <span class='ocrx_word' id='word_1_342' title='bbox 1126 1577 1342 1611; x_wconf 87' lang='lat' dir='ltr'>emendatur.</span> <span class='ocrx_word' id='word_1_343' title='bbox 1396 1579 1488 1613; x_wconf 81' lang='lat' dir='ltr'>Nam</span> <span class='ocrx_word' id='word_1_344' title='bbox 1511 1581 1620 1610; x_wconf 77' lang='lat' dir='ltr'>vitium</span> <span class='ocrx_word' id='word_1_345' title='bbox 1650 1580 1767 1622; x_wconf 78' lang='lat' dir='ltr'>capiunt</span> <span class='ocrx_word' id='word_1_346' title='bbox 1785 1597 1796 1614; x_wconf 89' lang='lat'>,</span> <span class='ocrx_word' id='word_1_347' title='bbox 1825 1579 1862 1607; x_wconf 85' lang='lat' dir='ltr'>m·</span> <span class='ocrx_word' id='word_1_348' title='bbox 1877 1582 2052 1607; x_wconf 81' lang='lat' dir='ltr'>moveantur</span> <span class='ocrx_word' id='word_1_349' title='bbox 2069 1593 2070 1597; x_wconf 59' lang='lat'><em>=</em></span> 
     </span>
     <span class='ocr_line' id='line_1_29' title="bbox 339 1633 2069 1659; baseline 0.001 -5"><span class='ocrx_word' id='word_1_350' title='bbox 339 1633 360 1654; x_wconf 64' lang='lat' dir='ltr'><em>a</em></span> <span class='ocrx_word' id='word_1_351' title='bbox 379 1634 429 1659; x_wconf 58' lang='grc' dir='ltr'>Ἀῶ,</span> <span class='ocrx_word' id='word_1_352' title='bbox 2067 1651 2069 1656; x_wconf 72' lang='grc'>,</span> 
     </span>
     <span class='ocr_line' id='line_1_30' title="bbox 361 1633 2074 1724; baseline -0.001 -20"><span class='ocrx_word' id='word_1_353' title='bbox 361 1633 379 1667; x_wconf 72' lang='lat' dir='ltr'><em>q</em></span> <span class='ocrx_word' id='word_1_354' title='bbox 437 1668 487 1704; x_wconf 80' lang='lat' dir='ltr'>Ex</span> <span class='ocrx_word' id='word_1_355' title='bbox 500 1668 597 1704; x_wconf 69' lang='lat' dir='ltr'>dietis</span> <span class='ocrx_word' id='word_1_356' title='bbox 612 1668 754 1724; x_wconf 82' lang='lat' dir='ltr'>colliges</span> <span class='ocrx_word' id='word_1_357' title='bbox 767 1669 893 1718; x_wconf 87' lang='lat' dir='ltr'>primo.</span> <span class='ocrx_word' id='word_1_358' title='bbox 943 1669 1085 1706; x_wconf 90' lang='lat' dir='ltr'>Limum</span> <span class='ocrx_word' id='word_1_359' title='bbox 1101 1683 1267 1720; x_wconf 88' lang='lat' dir='ltr'>aquarum</span> <span class='ocrx_word' id='word_1_360' title='bbox 1279 1671 1403 1708; x_wconf 89' lang='lat' dir='ltr'>vitium</span> <span class='ocrx_word' id='word_1_361' title='bbox 1412 1670 1488 1707; x_wconf 83' lang='lat' dir='ltr'>effe.</span> <span class='ocrx_word' id='word_1_362' title='bbox 1540 1672 1650 1721; x_wconf 85' lang='lat' dir='ltr'>Qod</span> <span class='ocrx_word' id='word_1_363' title='bbox 1663 1671 1684 1707; x_wconf 85' lang='lat' dir='ltr'>fi</span> <span class='ocrx_word' id='word_1_364' title='bbox 1693 1680 1810 1707; x_wconf 89' lang='lat' dir='ltr'>tamen</span> <span class='ocrx_word' id='word_1_365' title='bbox 1826 1668 1935 1705; x_wconf 89' lang='lat' dir='ltr'>amnis</span> <span class='ocrx_word' id='word_1_366' title='bbox 1950 1679 1992 1703; x_wconf 84' lang='lat' dir='ltr'>ex</span> <span class='ocrx_word' id='word_1_367' title='bbox 1999 1679 2050 1702; x_wconf 86' lang='lat' dir='ltr'>ar·</span> <span class='ocrx_word' id='word_1_368' title='bbox 2067 1697 2074 1721; x_wconf 42' lang='lat'>3</span> 
     </span>
     <span class='ocr_line' id='line_1_31' title="bbox 339 1717 2069 1767; baseline 0.002 -15"><span class='ocrx_word' id='word_1_369' title='bbox 339 1717 430 1767; x_wconf 84' lang='lat' dir='ltr'>gillis</span> <span class='ocrx_word' id='word_1_370' title='bbox 439 1718 578 1757; x_wconf 77' lang='lat' dir='ltr'>scateat,</span> <span class='ocrx_word' id='word_1_371' title='bbox 588 1717 783 1754; x_wconf 77' lang='lat' dir='ltr'>salubritatis</span> <span class='ocrx_word' id='word_1_372' title='bbox 792 1719 958 1754; x_wconf 90' lang='lat' dir='ltr'>indicium</span> <span class='ocrx_word' id='word_1_373' title='bbox 969 1721 1124 1758; x_wconf 74' lang='lat' dir='ltr'>habetur.</span> <span class='ocrx_word' id='word_1_374' title='bbox 2067 1730 2069 1732; x_wconf 82' lang='grc'><strong><em>·</em></strong></span> 
     </span>
    </p>

    <p class='ocr_par' dir='ltr' id='par_1_6' title="bbox 337 1764 2073 2009">
     <span class='ocr_line' id='line_1_32' title="bbox 439 1764 2073 1816; baseline -0.001 -16"><span class='ocrx_word' id='word_1_375' title='bbox 439 1765 532 1800; x_wconf 88' lang='lat' dir='ltr'>Colli</span> <span class='ocrx_word' id='word_1_376' title='bbox 536 1776 597 1814; x_wconf 85' lang='lat' dir='ltr'>ges</span> <span class='ocrx_word' id='word_1_377' title='bbox 605 1765 770 1802; x_wconf 89' lang='lat' dir='ltr'>secundo.</span> <span class='ocrx_word' id='word_1_378' title='bbox 819 1769 938 1814; x_wconf 84' lang='lat' dir='ltr'>Aquas</span> <span class='ocrx_word' id='word_1_379' title='bbox 951 1767 1109 1803; x_wconf 86' lang='lat' dir='ltr'>lacustres</span> <span class='ocrx_word' id='word_1_380' title='bbox 1119 1791 1128 1808; x_wconf 90' lang='lat'>,</span> <span class='ocrx_word' id='word_1_381' title='bbox 1137 1767 1345 1816; x_wconf 81' lang='lat' dir='ltr'>stagnanteS,</span> <span class='ocrx_word' id='word_1_382' title='bbox 1354 1767 1558 1816; x_wconf 85' lang='lat' dir='ltr'>&amp;palustres</span> <span class='ocrx_word' id='word_1_383' title='bbox 1565 1768 1689 1803; x_wconf 90' lang='lat' dir='ltr'>merito</span> <span class='ocrx_word' id='word_1_384' title='bbox 1698 1765 1944 1806; x_wconf 86' lang='lat' dir='ltr'>damnari,tum</span> <span class='ocrx_word' id='word_1_385' title='bbox 1954 1764 2050 1812; x_wconf 85' lang='lat' dir='ltr'>quod</span> <span class='ocrx_word' id='word_1_386' title='bbox 2065 1767 2073 1806; x_wconf 67' lang='lat' dir='ltr'>j</span> 
     </span>
     <span class='ocr_line' id='line_1_33' title="bbox 338 1811 2073 1864; baseline -0.001 -15"><span class='ocrx_word' id='word_1_387' title='bbox 338 1823 440 1849; x_wconf 86' lang='lat' dir='ltr'>motu</span> <span class='ocrx_word' id='word_1_388' title='bbox 451 1824 606 1855; x_wconf 87' lang='lat' dir='ltr'>careant,</span> <span class='ocrx_word' id='word_1_389' title='bbox 614 1825 689 1850; x_wconf 86' lang='lat' dir='ltr'>tum</span> <span class='ocrx_word' id='word_1_390' title='bbox 700 1815 795 1862; x_wconf 91' lang='lat' dir='ltr'>quod</span> <span class='ocrx_word' id='word_1_391' title='bbox 806 1815 887 1863; x_wconf 83' lang='lat' dir='ltr'>ipsas</span> <span class='ocrx_word' id='word_1_392' title='bbox 895 1817 996 1851; x_wconf 90' lang='lat' dir='ltr'>ardor</span> <span class='ocrx_word' id='word_1_393' title='bbox 1003 1816 1091 1851; x_wconf 84' lang='lat' dir='ltr'>Solis</span> <span class='ocrx_word' id='word_1_394' title='bbox 1100 1817 1317 1852; x_wconf 87' lang='lat' dir='ltr'>indentidem</span> <span class='ocrx_word' id='word_1_395' title='bbox 1327 1817 1451 1852; x_wconf 87' lang='lat' dir='ltr'>feriens</span> <span class='ocrx_word' id='word_1_396' title='bbox 1459 1827 1625 1864; x_wconf 84' lang='lat' dir='ltr'>permeet,</span> <span class='ocrx_word' id='word_1_397' title='bbox 1633 1816 1667 1852; x_wconf 74' lang='grc' dir='ltr'>ὃ(</span> <span class='ocrx_word' id='word_1_398' title='bbox 1677 1815 1799 1851; x_wconf 71' lang='lat' dir='ltr'>reliffis</span> <span class='ocrx_word' id='word_1_399' title='bbox 1810 1815 1959 1863; x_wconf 82' lang='lat' dir='ltr'>partibus</span> <span class='ocrx_word' id='word_1_400' title='bbox 1968 1811 2048 1848; x_wconf 81' lang='lat' dir='ltr'>cras</span> <span class='ocrx_word' id='word_1_401' title='bbox 2066 1820 2073 1835; x_wconf 60' lang='lat'><em>²</em></span> 
     </span>
     <span class='ocr_line' id='line_1_34' title="bbox 339 1861 2050 1913; baseline -0.001 -16"><span class='ocrx_word' id='word_1_402' title='bbox 339 1863 481 1898; x_wconf 87' lang='lat' dir='ltr'>fioribus</span> <span class='ocrx_word' id='word_1_403' title='bbox 489 1863 667 1898; x_wconf 88' lang='lat' dir='ltr'>tenuiores</span> <span class='ocrx_word' id='word_1_404' title='bbox 675 1864 821 1909; x_wconf 79' lang='lat' dir='ltr'>eximat3</span> <span class='ocrx_word' id='word_1_405' title='bbox 835 1866 928 1899; x_wconf 87' lang='lat' dir='ltr'>unde</span> <span class='ocrx_word' id='word_1_406' title='bbox 937 1874 1140 1912; x_wconf 88' lang='lat' dir='ltr'>corruptum</span> <span class='ocrx_word' id='word_1_407' title='bbox 1156 1865 1309 1912; x_wconf 76' lang='lat' dir='ltr'>saporem</span> <span class='ocrx_word' id='word_1_408' title='bbox 1327 1875 1430 1913; x_wconf 86' lang='lat' dir='ltr'>atque</span> <span class='ocrx_word' id='word_1_409' title='bbox 1444 1866 1591 1901; x_wconf 88' lang='lat' dir='ltr'>odorem</span> <span class='ocrx_word' id='word_1_410' title='bbox 1605 1875 1819 1913; x_wconf 79' lang='lat' dir='ltr'>comparant.</span> <span class='ocrx_word' id='word_1_411' title='bbox 1869 1861 1989 1897; x_wconf 89' lang='lat' dir='ltr'>Minus</span> <span class='ocrx_word' id='word_1_412' title='bbox 2002 1871 2050 1895; x_wconf 84' lang='lat' dir='ltr'>ta-</span> 
     </span>
     <span class='ocr_line' id='line_1_35' title="bbox 338 1908 2049 1964; baseline -0.001 -18"><span class='ocrx_word' id='word_1_413' title='bbox 338 1923 422 1946; x_wconf 89' lang='lat' dir='ltr'>men</span> <span class='ocrx_word' id='word_1_414' title='bbox 431 1921 581 1952; x_wconf 89' lang='lat' dir='ltr'>nocent,</span> <span class='ocrx_word' id='word_1_415' title='bbox 596 1911 617 1946; x_wconf 89' lang='lat' dir='ltr'>si</span> <span class='ocrx_word' id='word_1_416' title='bbox 626 1909 777 1949; x_wconf 87' lang='lat' dir='ltr'>fluviales</span> <span class='ocrx_word' id='word_1_417' title='bbox 786 1913 971 1948; x_wconf 75' lang='lat' dir='ltr'>auti-ivales</span> <span class='ocrx_word' id='word_1_418' title='bbox 980 1913 1170 1961; x_wconf 80' lang='lat' dir='ltr'>excipiant,</span> <span class='ocrx_word' id='word_1_419' title='bbox 1182 1914 1248 1964; x_wconf 90' lang='lat' dir='ltr'>ipsa</span> <span class='ocrx_word' id='word_1_420' title='bbox 1262 1913 1355 1950; x_wconf 89' lang='lat' dir='ltr'>enim</span> <span class='ocrx_word' id='word_1_421' title='bbox 1369 1913 1538 1951; x_wconf 79' lang='lat' dir='ltr'>influendi</span> <span class='ocrx_word' id='word_1_422' title='bbox 1552 1913 1588 1950; x_wconf 77' lang='grc' dir='ltr'>ὅ(</span> <span class='ocrx_word' id='word_1_423' title='bbox 1603 1914 1767 1949; x_wconf 88' lang='lat' dir='ltr'>effluendi</span> <span class='ocrx_word' id='word_1_424' title='bbox 1779 1908 1973 1948; x_wconf 86' lang='lat' dir='ltr'>viciffitudo</span> <span class='ocrx_word' id='word_1_425' title='bbox 1988 1920 2049 1958; x_wconf 90' lang='lat' dir='ltr'>pu-</span> 
     </span>
     <span class='ocr_line' id='line_1_36' title="bbox 337 1959 1042 2009; baseline 0 -13"><span class='ocrx_word' id='word_1_426' title='bbox 337 1960 512 1996; x_wconf 88' lang='lat' dir='ltr'>tredinem</span> <span class='ocrx_word' id='word_1_427' title='bbox 528 1970 638 2000; x_wconf 88' lang='lat' dir='ltr'>arcet,</span> <span class='ocrx_word' id='word_1_428' title='bbox 651 1959 687 1996; x_wconf 82' lang='lat'>&amp;</span> <span class='ocrx_word' id='word_1_429' title='bbox 696 1960 831 2009; x_wconf 85' lang='lat' dir='ltr'>uliginis</span> <span class='ocrx_word' id='word_1_430' title='bbox 847 1961 939 1996; x_wconf 87' lang='lat' dir='ltr'>virus</span> <span class='ocrx_word' id='word_1_431' title='bbox 950 1961 1042 1999; x_wconf 85' lang='lat' dir='ltr'>eluit.</span> 
     </span>
    </p>

    <p class='ocr_par' dir='ltr' id='par_1_7' title="bbox 336 2003 2070 2160">
     <span class='ocr_line' id='line_1_37' title="bbox 435 2003 2050 2058; baseline 0 -14"><span class='ocrx_word' id='word_1_432' title='bbox 435 2008 591 2057; x_wconf 85' lang='lat' dir='ltr'>Colliges</span> <span class='ocrx_word' id='word_1_433' title='bbox 600 2009 713 2046; x_wconf 85' lang='lat' dir='ltr'>tertio.</span> <span class='ocrx_word' id='word_1_434' title='bbox 762 2011 896 2052; x_wconf 84' lang='lat' dir='ltr'>Aquas,</span> <span class='ocrx_word' id='word_1_435' title='bbox 905 2021 979 2057; x_wconf 83' lang='lat' dir='ltr'>quae</span> <span class='ocrx_word' id='word_1_436' title='bbox 990 2022 1032 2045; x_wconf 82' lang='lat' dir='ltr'>ex</span> <span class='ocrx_word' id='word_1_437' title='bbox 1045 2009 1125 2045; x_wconf 89' lang='lat' dir='ltr'>nive</span> <span class='ocrx_word' id='word_1_438' title='bbox 1133 2009 1242 2058; x_wconf 82' lang='lat' dir='ltr'>glacie</span> <span class='ocrx_word' id='word_1_439' title='bbox 1254 2010 1409 2046; x_wconf 88' lang='lat' dir='ltr'>resolutis</span> <span class='ocrx_word' id='word_1_440' title='bbox 1418 2009 1524 2054; x_wconf 81' lang='lat' dir='ltr'>fiunt,</span> <span class='ocrx_word' id='word_1_441' title='bbox 1537 2021 1661 2046; x_wconf 89' lang='lat' dir='ltr'>omnes</span> <span class='ocrx_word' id='word_1_442' title='bbox 1679 2008 1859 2057; x_wconf 85' lang='lat' dir='ltr'>insalubres</span> <span class='ocrx_word' id='word_1_443' title='bbox 1867 2016 1954 2055; x_wconf 87' lang='lat' dir='ltr'>potu</span> <span class='ocrx_word' id='word_1_444' title='bbox 1974 2003 2050 2044; x_wconf 73' lang='lat' dir='ltr'>effe,</span> 
     </span>
     <span class='ocr_line' id='line_1_38' title="bbox 337 2056 2070 2107; baseline -0.002 -16"><span class='ocrx_word' id='word_1_445' title='bbox 337 2057 432 2092; x_wconf 78' lang='lat' dir='ltr'>Cum</span> <span class='ocrx_word' id='word_1_446' title='bbox 444 2057 554 2096; x_wconf 89' lang='lat' dir='ltr'>enim,</span> <span class='ocrx_word' id='word_1_447' title='bbox 566 2066 605 2092; x_wconf 92' lang='lat' dir='ltr'>ut</span> <span class='ocrx_word' id='word_1_448' title='bbox 613 2056 659 2092; x_wconf 87' lang='lat' dir='ltr'>ait</span> <span class='ocrx_word' id='word_1_449' title='bbox 668 2057 899 2104; x_wconf 87' lang='lat' dir='ltr'>Hippocrates</span> <span class='ocrx_word' id='word_1_450' title='bbox 908 2081 917 2097; x_wconf 93' lang='lat'>,</span> <span class='ocrx_word' id='word_1_451' title='bbox 932 2058 1033 2093; x_wconf 85' lang='lat' dir='ltr'>semel</span> <span class='ocrx_word' id='word_1_452' title='bbox 1043 2069 1216 2095; x_wconf 80' lang='lat' dir='ltr'>concretae</span> <span class='ocrx_word' id='word_1_453' title='bbox 1223 2059 1361 2098; x_wconf 81' lang='lat' dir='ltr'>fuerint,</span> <span class='ocrx_word' id='word_1_454' title='bbox 1370 2071 1442 2094; x_wconf 89' lang='lat' dir='ltr'>non</span> <span class='ocrx_word' id='word_1_455' title='bbox 1451 2059 1595 2106; x_wconf 85' lang='lat' dir='ltr'>amplius</span> <span class='ocrx_word' id='word_1_456' title='bbox 1604 2059 1638 2093; x_wconf 90' lang='lat' dir='ltr'>in</span> <span class='ocrx_word' id='word_1_457' title='bbox 1649 2058 1819 2107; x_wconf 81' lang='lat' dir='ltr'>pristinam</span> <span class='ocrx_word' id='word_1_458' title='bbox 1831 2066 1985 2091; x_wconf 85' lang='lat' dir='ltr'>naturam</span> <span class='ocrx_word' id='word_1_459' title='bbox 1995 2065 2045 2088; x_wconf 86' lang='lat' dir='ltr'>re·</span> <span class='ocrx_word' id='word_1_460' title='bbox 2062 2067 2070 2083; x_wconf 51' lang='lat' dir='ltr'>a</span> 
     </span>
     <span class='ocr_line' id='line_1_39' title="bbox 336 2102 2062 2160; baseline -0.001 -21"><span class='ocrx_word' id='word_1_461' title='bbox 336 2104 542 2160; x_wconf 74' lang='lat' dir='ltr'>stitutintur,</span> <span class='ocrx_word' id='word_1_462' title='bbox 557 2105 613 2140; x_wconf 90' lang='lat' dir='ltr'>sed</span> <span class='ocrx_word' id='word_1_463' title='bbox 628 2107 725 2154; x_wconf 88' lang='lat' dir='ltr'>quod</span> <span class='ocrx_word' id='word_1_464' title='bbox 740 2106 776 2140; x_wconf 88' lang='lat' dir='ltr'>in</span> <span class='ocrx_word' id='word_1_465' title='bbox 790 2104 857 2155; x_wconf 76' lang='lat' dir='ltr'>ipla</span> <span class='ocrx_word' id='word_1_466' title='bbox 871 2105 1018 2148; x_wconf 86' lang='lat' dir='ltr'>clarum,</span> <span class='ocrx_word' id='word_1_467' title='bbox 1032 2107 1127 2147; x_wconf 88' lang='lat' dir='ltr'>leve,</span> <span class='ocrx_word' id='word_1_468' title='bbox 1142 2119 1182 2143; x_wconf 89' lang='lat' dir='ltr'>ac</span> <span class='ocrx_word' id='word_1_469' title='bbox 1197 2107 1300 2143; x_wconf 86' lang='lat' dir='ltr'>dulce</span> <span class='ocrx_word' id='word_1_470' title='bbox 1315 2106 1378 2148; x_wconf 89' lang='lat' dir='ltr'>est,</span> <span class='ocrx_word' id='word_1_471' title='bbox 1389 2108 1606 2156; x_wconf 89' lang='lat' dir='ltr'>deperditur,</span> <span class='ocrx_word' id='word_1_472' title='bbox 1618 2119 1658 2143; x_wconf 88' lang='lat' dir='ltr'>ac</span> <span class='ocrx_word' id='word_1_473' title='bbox 1673 2108 1770 2155; x_wconf 84' lang='lat' dir='ltr'>quod</span> <span class='ocrx_word' id='word_1_474' title='bbox 1787 2103 1930 2142; x_wconf 81' lang='lat' dir='ltr'>craffum</span> <span class='ocrx_word' id='word_1_475' title='bbox 1947 2102 2062 2151; x_wconf 23' lang='lat' dir='ltr'>reim--</span> 
     </span>
    </p>

    <p class='ocr_par' dir='ltr' id='par_1_8' title="bbox 336 2163 2069 2347">
     <span class='ocr_line' id='line_1_40' title="bbox 362 2163 464 2190; baseline 0.01 -1"><span class='ocrx_word' id='word_1_476' title='bbox 362 2163 464 2190; x_wconf 81' lang='lat' dir='ltr'>uitur.</span> 
     </span>
     <span class='ocr_line' id='line_1_41' title="bbox 336 2166 2069 2253; baseline -0.001 -17"><span class='ocrx_word' id='word_1_477' title='bbox 336 2166 360 2201; x_wconf 76' lang='lat' dir='ltr'>q</span> <span class='ocrx_word' id='word_1_478' title='bbox 440 2200 595 2250; x_wconf 84' lang='lat' dir='ltr'>Colliges</span> <span class='ocrx_word' id='word_1_479' title='bbox 604 2211 738 2249; x_wconf 87' lang='lat' dir='ltr'>quarto.</span> <span class='ocrx_word' id='word_1_480' title='bbox 787 2203 904 2250; x_wconf 85' lang='lat' dir='ltr'>Aquas</span> <span class='ocrx_word' id='word_1_481' title='bbox 916 2202 1098 2251; x_wconf 84' lang='lat' dir='ltr'>pluviales,</span> <span class='ocrx_word' id='word_1_482' title='bbox 1113 2214 1188 2251; x_wconf 84' lang='lat' dir='ltr'>quae</span> <span class='ocrx_word' id='word_1_483' title='bbox 1202 2213 1363 2251; x_wconf 86' lang='lat' dir='ltr'>tempore</span> <span class='ocrx_word' id='word_1_484' title='bbox 1375 2203 1488 2239; x_wconf 79' lang='lat' dir='ltr'>aestivo</span> <span class='ocrx_word' id='word_1_485' title='bbox 1503 2215 1628 2253; x_wconf 87' lang='lat' dir='ltr'>magna</span> <span class='ocrx_word' id='word_1_486' title='bbox 1645 2213 1833 2238; x_wconf 87' lang='lat' dir='ltr'>ventorum</span> <span class='ocrx_word' id='word_1_487' title='bbox 1847 2198 1999 2248; x_wconf 87' lang='lat' dir='ltr'>procella</span> <span class='ocrx_word' id='word_1_488' title='bbox 2013 2198 2048 2243; x_wconf 72' lang='grc' dir='ltr'>ὃς</span> <span class='ocrx_word' id='word_1_489' title='bbox 2059 2198 2069 2210; x_wconf 74' lang='grc'>”</span> 
     </span>
     <span class='ocr_line' id='line_1_42' title="bbox 341 2248 2063 2300; baseline -0.002 -14"><span class='ocrx_word' id='word_1_490' title='bbox 341 2250 536 2286; x_wconf 86' lang='lat' dir='ltr'>tonitruum</span> <span class='ocrx_word' id='word_1_491' title='bbox 552 2251 684 2298; x_wconf 89' lang='lat' dir='ltr'>impetu</span> <span class='ocrx_word' id='word_1_492' title='bbox 698 2251 866 2286; x_wconf 89' lang='lat' dir='ltr'>decidunt</span> <span class='ocrx_word' id='word_1_493' title='bbox 880 2274 890 2291; x_wconf 98' lang='lat'>,</span> <span class='ocrx_word' id='word_1_494' title='bbox 910 2251 1026 2286; x_wconf 89' lang='lat' dir='ltr'>minus</span> <span class='ocrx_word' id='word_1_495' title='bbox 1046 2253 1239 2299; x_wconf 85' lang='lat' dir='ltr'>probandas</span> <span class='ocrx_word' id='word_1_496' title='bbox 1247 2252 1330 2292; x_wconf 80' lang='lat' dir='ltr'>effe,</span> <span class='ocrx_word' id='word_1_497' title='bbox 1345 2264 1388 2287; x_wconf 90' lang='lat' dir='ltr'>eo</span> <span class='ocrx_word' id='word_1_498' title='bbox 1404 2253 1500 2300; x_wconf 88' lang='lat' dir='ltr'>quod</span> <span class='ocrx_word' id='word_1_499' title='bbox 1515 2252 1637 2290; x_wconf 87' lang='lat' dir='ltr'>multas</span> <span class='ocrx_word' id='word_1_500' title='bbox 1651 2253 1800 2287; x_wconf 81' lang='lat' dir='ltr'>habeant</span> <span class='ocrx_word' id='word_1_501' title='bbox 1813 2248 2047 2286; x_wconf 75' lang='lat' dir='ltr'>exhalationes</span> <span class='ocrx_word' id='word_1_502' title='bbox 2062 2254 2063 2258; x_wconf 77' lang='grc'>’</span> 
     </span>
     <span class='ocr_line' id='line_1_43' title="bbox 341 2298 1693 2347; baseline 0 -13"><span class='ocrx_word' id='word_1_503' title='bbox 341 2299 464 2347; x_wconf 88' lang='lat' dir='ltr'>raptim</span> <span class='ocrx_word' id='word_1_504' title='bbox 475 2298 656 2344; x_wconf 65' lang='lat' dir='ltr'>colleetas3</span> <span class='ocrx_word' id='word_1_505' title='bbox 672 2310 746 2346; x_wconf 87' lang='lat' dir='ltr'>quae</span> <span class='ocrx_word' id='word_1_506' title='bbox 755 2309 872 2334; x_wconf 89' lang='lat' dir='ltr'>tamen</span> <span class='ocrx_word' id='word_1_507' title='bbox 883 2299 998 2334; x_wconf 75' lang='lat' dir='ltr'>[ilente</span> <span class='ocrx_word' id='word_1_508' title='bbox 1007 2299 1101 2335; x_wconf 82' lang='lat' dir='ltr'>coelo</span> <span class='ocrx_word' id='word_1_509' title='bbox 1111 2299 1286 2341; x_wconf 84' lang='lat' dir='ltr'>defluunt,</span> <span class='ocrx_word' id='word_1_510' title='bbox 1297 2300 1432 2347; x_wconf 86' lang='lat' dir='ltr'>easjure</span> <span class='ocrx_word' id='word_1_511' title='bbox 1442 2300 1693 2339; x_wconf 72' lang='lat' dir='ltr'>commendari,</span> 
     </span>
    </p>

    <p class='ocr_par' dir='ltr' id='par_1_9' title="bbox 338 2345 2065 2590">
     <span class='ocr_line' id='line_1_44' title="bbox 438 2345 2046 2396; baseline -0.001 -15"><span class='ocrx_word' id='word_1_512' title='bbox 438 2345 593 2395; x_wconf 83' lang='lat' dir='ltr'>Colliges</span> <span class='ocrx_word' id='word_1_513' title='bbox 608 2348 743 2393; x_wconf 89' lang='lat' dir='ltr'>quinto.</span> <span class='ocrx_word' id='word_1_514' title='bbox 793 2348 902 2383; x_wconf 85' lang='lat' dir='ltr'>Etiam</span> <span class='ocrx_word' id='word_1_515' title='bbox 912 2359 1015 2395; x_wconf 88' lang='lat' dir='ltr'>aquas</span> <span class='ocrx_word' id='word_1_516' title='bbox 1024 2348 1243 2384; x_wconf 86' lang='lat' dir='ltr'>cisternarum</span> <span class='ocrx_word' id='word_1_517' title='bbox 1254 2350 1367 2384; x_wconf 85' lang='lat' dir='ltr'>minus</span> <span class='ocrx_word' id='word_1_518' title='bbox 1382 2348 1447 2384; x_wconf 79' lang='lat' dir='ltr'>esse</span> <span class='ocrx_word' id='word_1_519' title='bbox 1462 2349 1560 2384; x_wconf 88' lang='lat' dir='ltr'>utiles</span> <span class='ocrx_word' id='word_1_520' title='bbox 1570 2371 1579 2388; x_wconf 84' lang='lat'>,</span> <span class='ocrx_word' id='word_1_521' title='bbox 1589 2361 1691 2396; x_wconf 89' lang='lat' dir='ltr'>quain</span> <span class='ocrx_word' id='word_1_522' title='bbox 1708 2349 1726 2383; x_wconf 73' lang='grc' dir='ltr'>ἐι</span> <span class='ocrx_word' id='word_1_523' title='bbox 1736 2347 1852 2383; x_wconf 87' lang='lat' dir='ltr'>multis</span> <span class='ocrx_word' id='word_1_524' title='bbox 1866 2354 2046 2394; x_wconf 81' lang='lat' dir='ltr'>putantur,</span> 
     </span>
     <span class='ocr_line' id='line_1_45' title="bbox 340 2393 2046 2445; baseline -0.001 -16"><span class='ocrx_word' id='word_1_525' title='bbox 340 2404 417 2430; x_wconf 87' lang='lat' dir='ltr'>tum</span> <span class='ocrx_word' id='word_1_526' title='bbox 427 2395 657 2443; x_wconf 54' lang='lat' dir='ltr'>quiaincoe‘me</span> <span class='ocrx_word' id='word_1_527' title='bbox 666 2406 825 2436; x_wconf 88' lang='lat' dir='ltr'>manent,</span> <span class='ocrx_word' id='word_1_528' title='bbox 835 2408 915 2431; x_wconf 91' lang='lat' dir='ltr'>cum</span> <span class='ocrx_word' id='word_1_529' title='bbox 925 2396 1055 2432; x_wconf 89' lang='lat' dir='ltr'>coelum</span> <span class='ocrx_word' id='word_1_530' title='bbox 1065 2409 1138 2432; x_wconf 90' lang='lat' dir='ltr'>non</span> <span class='ocrx_word' id='word_1_531' title='bbox 1146 2397 1303 2442; x_wconf 76' lang='lat' dir='ltr'>videant3</span> <span class='ocrx_word' id='word_1_532' title='bbox 1318 2408 1391 2432; x_wconf 90' lang='lat' dir='ltr'>tum</span> <span class='ocrx_word' id='word_1_533' title='bbox 1403 2398 1480 2445; x_wconf 87' lang='lat' dir='ltr'>quia</span> <span class='ocrx_word' id='word_1_534' title='bbox 1491 2397 1643 2432; x_wconf 66' lang='lat' dir='ltr'>immotae</span> <span class='ocrx_word' id='word_1_535' title='bbox 1659 2397 1690 2432; x_wconf 92' lang='lat' dir='ltr'>su</span> <span class='ocrx_word' id='word_1_536' title='bbox 1697 2407 1752 2436; x_wconf 87' lang='lat' dir='ltr'>nt,</span> <span class='ocrx_word' id='word_1_537' title='bbox 1761 2407 1826 2431; x_wconf 89' lang='lat' dir='ltr'>nec</span> <span class='ocrx_word' id='word_1_538' title='bbox 1840 2406 1895 2430; x_wconf 87' lang='lat' dir='ltr'>eas</span> <span class='ocrx_word' id='word_1_539' title='bbox 1910 2393 2046 2429; x_wconf 80' lang='lat' dir='ltr'>liberior</span> 
     </span>
     <span class='ocr_line' id='line_1_46' title="bbox 339 2443 2044 2493; baseline -0.002 -15"><span class='ocrx_word' id='word_1_540' title='bbox 339 2456 420 2478; x_wconf 87' lang='lat' dir='ltr'>aura</span> <span class='ocrx_word' id='word_1_541' title='bbox 429 2445 596 2478; x_wconf 85' lang='lat' dir='ltr'>verberat.</span> <span class='ocrx_word' id='word_1_542' title='bbox 647 2444 753 2478; x_wconf 86' lang='lat' dir='ltr'>Unde</span> <span class='ocrx_word' id='word_1_543' title='bbox 767 2443 851 2492; x_wconf 70' lang='lat' dir='ltr'>saepe</span> <span class='ocrx_word' id='word_1_544' title='bbox 871 2445 1030 2480; x_wconf 90' lang='lat' dir='ltr'>nonnihil</span> <span class='ocrx_word' id='word_1_545' title='bbox 1045 2445 1258 2492; x_wconf 89' lang='lat' dir='ltr'>putrescunt,</span> <span class='ocrx_word' id='word_1_546' title='bbox 1273 2446 1309 2481; x_wconf 74' lang='grc' dir='ltr'>ὅ(</span> <span class='ocrx_word' id='word_1_547' title='bbox 1324 2446 1533 2482; x_wconf 86' lang='lat' dir='ltr'>vermiculos</span> <span class='ocrx_word' id='word_1_548' title='bbox 1549 2445 1751 2493; x_wconf 86' lang='lat' dir='ltr'>parturiunt.</span> <span class='ocrx_word' id='word_1_549' title='bbox 1801 2445 1985 2479; x_wconf 85' lang='lat' dir='ltr'>Servantur</span> <span class='ocrx_word' id='word_1_550' title='bbox 1998 2450 2044 2476; x_wconf 87' lang='lat' dir='ltr'>ta-</span> 
     </span>
     <span class='ocr_line' id='line_1_47' title="bbox 338 2489 2043 2542; baseline -0.002 -15"><span class='ocrx_word' id='word_1_551' title='bbox 338 2503 422 2527; x_wconf 88' lang='lat' dir='ltr'>men</span> <span class='ocrx_word' id='word_1_552' title='bbox 437 2492 578 2531; x_wconf 84' lang='lat' dir='ltr'>diutius,</span> <span class='ocrx_word' id='word_1_553' title='bbox 588 2490 747 2539; x_wconf 86' lang='lat' dir='ltr'>fiuntque</span> <span class='ocrx_word' id='word_1_554' title='bbox 763 2492 960 2528; x_wconf 88' lang='lat' dir='ltr'>salubriores</span> <span class='ocrx_word' id='word_1_555' title='bbox 972 2493 1236 2531; x_wconf 78' lang='lat' dir='ltr'>substrataarena</span> <span class='ocrx_word' id='word_1_556' title='bbox 1245 2496 1346 2535; x_wconf 90' lang='lat' dir='ltr'>dura,</span> <span class='ocrx_word' id='word_1_557' title='bbox 1360 2494 1414 2529; x_wconf 90' lang='lat' dir='ltr'>vel</span> <span class='ocrx_word' id='word_1_558' title='bbox 1425 2494 1555 2542; x_wconf 81' lang='lat' dir='ltr'>glarea,</span> <span class='ocrx_word' id='word_1_559' title='bbox 1569 2504 1627 2529; x_wconf 91' lang='lat' dir='ltr'>aut</span> <span class='ocrx_word' id='word_1_560' title='bbox 1638 2494 1752 2530; x_wconf 83' lang='lat' dir='ltr'>sabulo</span> <span class='ocrx_word' id='word_1_561' title='bbox 1762 2491 1925 2530; x_wconf 84' lang='lat' dir='ltr'>masculo.</span> <span class='ocrx_word' id='word_1_562' title='bbox 1958 2489 2043 2525; x_wconf 90' lang='lat' dir='ltr'>Item</span> 
     </span>
     <span class='ocr_line' id='line_1_48' title="bbox 341 2539 2065 2590; baseline 0.003 -16"><span class='ocrx_word' id='word_1_563' title='bbox 341 2540 363 2575; x_wconf 85' lang='lat' dir='ltr'>fi</span> <span class='ocrx_word' id='word_1_564' title='bbox 371 2539 553 2588; x_wconf 86' lang='lat' dir='ltr'>pisciculos</span> <span class='ocrx_word' id='word_1_565' title='bbox 564 2541 722 2579; x_wconf 79' lang='lat' dir='ltr'>foveant,</span> <span class='ocrx_word' id='word_1_566' title='bbox 738 2550 776 2575; x_wconf 91' lang='lat' dir='ltr'>ut</span> <span class='ocrx_word' id='word_1_567' title='bbox 784 2542 912 2576; x_wconf 89' lang='lat' dir='ltr'>horum</span> <span class='ocrx_word' id='word_1_568' title='bbox 922 2552 1037 2577; x_wconf 88' lang='lat' dir='ltr'>natatu</span> <span class='ocrx_word' id='word_1_569' title='bbox 1048 2554 1134 2590; x_wconf 84' lang='lat' dir='ltr'>aqua</span> <span class='ocrx_word' id='word_1_570' title='bbox 1149 2552 1427 2578; x_wconf 84' lang='lat' dir='ltr'>commoveatur.</span> <span class='ocrx_word' id='word_1_571' title='bbox 2062 2551 2065 2589; x_wconf 72' lang='lat'>&#39;‚</span> 
     </span>
    </p>

    <p class='ocr_par' dir='ltr' id='par_1_10' title="bbox 337 2588 2065 2781">
     <span class='ocr_line' id='line_1_49' title="bbox 436 2588 2065 2650; baseline 0.001 -27"><span class='ocrx_word' id='word_1_572' title='bbox 436 2588 592 2635; x_wconf 82' lang='lat' dir='ltr'>Colliges</span> <span class='ocrx_word' id='word_1_573' title='bbox 606 2590 749 2623; x_wconf 85' lang='lat' dir='ltr'>demum</span> <span class='ocrx_word' id='word_1_574' title='bbox 759 2588 1003 2637; x_wconf 83' lang='lat' dir='ltr'>sext0,aquam</span> <span class='ocrx_word' id='word_1_575' title='bbox 1018 2591 1196 2626; x_wconf 69' lang='lat' dir='ltr'>{buranam</span> <span class='ocrx_word' id='word_1_576' title='bbox 1212 2590 1338 2639; x_wconf 88' lang='lat' dir='ltr'>puteali</span> <span class='ocrx_word' id='word_1_577' title='bbox 1354 2591 1534 2626; x_wconf 88' lang='lat' dir='ltr'>meliorem</span> <span class='ocrx_word' id='word_1_578' title='bbox 1550 2589 1700 2630; x_wconf 80' lang='lat' dir='ltr'>censeri,</span> <span class='ocrx_word' id='word_1_579' title='bbox 1716 2590 1813 2637; x_wconf 90' lang='lat' dir='ltr'>quod</span> <span class='ocrx_word' id='word_1_580' title='bbox 1829 2588 1862 2623; x_wconf 91' lang='lat' dir='ltr'>in</span> <span class='ocrx_word' id='word_1_581' title='bbox 1876 2598 2043 2637; x_wconf 86' lang='lat' dir='ltr'>perpetuo</span> <span class='ocrx_word' id='word_1_582' title='bbox 2061 2598 2065 2650; x_wconf 72' lang='grc' dir='ltr'>Ι</span> 
     </span>
     <span class='ocr_line' id='line_1_50' title="bbox 337 2636 2063 2687; baseline 0.001 -16"><span class='ocrx_word' id='word_1_583' title='bbox 337 2645 440 2671; x_wconf 86' lang='lat' dir='ltr'>motu</span> <span class='ocrx_word' id='word_1_584' title='bbox 451 2636 505 2676; x_wconf 79' lang='lat' dir='ltr'>iit,</span> <span class='ocrx_word' id='word_1_585' title='bbox 521 2637 603 2671; x_wconf 80' lang='lat' dir='ltr'>luas</span> <span class='ocrx_word' id='word_1_586' title='bbox 620 2638 827 2673; x_wconf 77' lang='lat' dir='ltr'>onteeterra</span> <span class='ocrx_word' id='word_1_587' title='bbox 843 2637 1133 2678; x_wconf 80' lang='lat' dir='ltr'>scaturiens,ciim</span> <span class='ocrx_word' id='word_1_588' title='bbox 1147 2639 1293 2687; x_wconf 84' lang='lat' dir='ltr'>putealis</span> <span class='ocrx_word' id='word_1_589' title='bbox 1304 2651 1376 2675; x_wconf 90' lang='lat' dir='ltr'>non</span> <span class='ocrx_word' id='word_1_590' title='bbox 1393 2639 1451 2674; x_wconf 84' lang='lat' dir='ltr'>nili</span> <span class='ocrx_word' id='word_1_591' title='bbox 1466 2639 1607 2687; x_wconf 87' lang='lat' dir='ltr'>ingenio</span> <span class='ocrx_word' id='word_1_592' title='bbox 1621 2638 1658 2674; x_wconf 71' lang='grc' dir='ltr'>ὅ(</span> <span class='ocrx_word' id='word_1_593' title='bbox 1671 2649 1776 2685; x_wconf 84' lang='lat' dir='ltr'>opera</span> <span class='ocrx_word' id='word_1_594' title='bbox 1788 2638 1973 2673; x_wconf 86' lang='lat' dir='ltr'>hominum</span> <span class='ocrx_word' id='word_1_595' title='bbox 1988 2647 2044 2673; x_wconf 85' lang='lat' dir='ltr'>ex·</span> <span class='ocrx_word' id='word_1_596' title='bbox 2060 2654 2063 2679; x_wconf 55' lang='grc' dir='ltr'><strong>ι</strong></span> 
     </span>
     <span class='ocr_line' id='line_1_51' title="bbox 337 2685 2043 2734; baseline 0.002 -15"><span class='ocrx_word' id='word_1_597' title='bbox 337 2685 510 2730; x_wconf 46' lang='lat' dir='ltr'>trahatur}</span> <span class='ocrx_word' id='word_1_598' title='bbox 524 2697 586 2733; x_wconf 89' lang='lat' dir='ltr'>pro</span> <span class='ocrx_word' id='word_1_599' title='bbox 616 2686 662 2720; x_wconf 90' lang='lat' dir='ltr'>cit</span> <span class='ocrx_word' id='word_1_600' title='bbox 674 2694 789 2720; x_wconf 89' lang='lat' dir='ltr'>tamen</span> <span class='ocrx_word' id='word_1_601' title='bbox 830 2686 965 2727; x_wconf 84' lang='lat' dir='ltr'>utealis,</span> <span class='ocrx_word' id='word_1_602' title='bbox 980 2688 1061 2722; x_wconf 84' lang='lat' dir='ltr'>cum</span> <span class='ocrx_word' id='word_1_603' title='bbox 1079 2688 1200 2724; x_wconf 87' lang='lat' dir='ltr'>crebro</span> <span class='ocrx_word' id='word_1_604' title='bbox 1216 2687 1339 2725; x_wconf 83' lang='lat' dir='ltr'>haustu</span> <span class='ocrx_word' id='word_1_605' title='bbox 1358 2697 1539 2724; x_wconf 86' lang='lat' dir='ltr'>exercetur</span> <span class='ocrx_word' id='word_1_606' title='bbox 1556 2700 1568 2734; x_wconf 79' lang='lat'>3</span> <span class='ocrx_word' id='word_1_607' title='bbox 1587 2686 1630 2722; x_wconf 84' lang='lat' dir='ltr'>fic</span> <span class='ocrx_word' id='word_1_608' title='bbox 1647 2687 1740 2722; x_wconf 88' lang='lat' dir='ltr'>enim</span> <span class='ocrx_word' id='word_1_609' title='bbox 1749 2697 1846 2734; x_wconf 87' lang='lat' dir='ltr'>aequa</span> <span class='ocrx_word' id='word_1_610' title='bbox 1862 2699 1958 2734; x_wconf 79' lang='lat' dir='ltr'>aquae</span> <span class='ocrx_word' id='word_1_611' title='bbox 1973 2686 2043 2723; x_wconf 84' lang='lat' dir='ltr'>suc-</span> 
     </span>
     <span class='ocr_line' id='line_1_52' title="bbox 337 2733 2062 2781; baseline 0.001 -12"><span class='ocrx_word' id='word_1_612' title='bbox 337 2733 447 2772; x_wconf 86' lang='lat' dir='ltr'>cedit,</span> <span class='ocrx_word' id='word_1_613' title='bbox 462 2733 498 2769; x_wconf 82' lang='lat'>&amp;</span> <span class='ocrx_word' id='word_1_614' title='bbox 512 2734 779 2781; x_wconf 88' lang='lat' dir='ltr'>quodammodo</span> <span class='ocrx_word' id='word_1_615' title='bbox 819 2735 878 2770; x_wconf 87' lang='lat' dir='ltr'>uit.</span> <span class='ocrx_word' id='word_1_616' title='bbox 1856 2750 1858 2752; x_wconf 96' lang='lat'>·</span> <span class='ocrx_word' id='word_1_617' title='bbox 2060 2746 2062 2749; x_wconf 87' lang='lat'>·</span> 
     </span>
    </p>

    <p class='ocr_par' dir='ltr' id='par_1_11' title="bbox 337 2781 2061 3168">
     <span class='ocr_line' id='line_1_53' title="bbox 436 2781 2061 2832; baseline 0.001 -16"><span class='ocrx_word' id='word_1_618' title='bbox 436 2782 557 2816; x_wconf 89' lang='lat' dir='ltr'>Unum</span> <span class='ocrx_word' id='word_1_619' title='bbox 572 2783 687 2817; x_wconf 88' lang='lat' dir='ltr'>adhuc</span> <span class='ocrx_word' id='word_1_620' title='bbox 696 2783 910 2818; x_wconf 84' lang='lat' dir='ltr'>controverti</span> <span class='ocrx_word' id='word_1_621' title='bbox 920 2781 1020 2823; x_wconf 89' lang='lat' dir='ltr'>solet,</span> <span class='ocrx_word' id='word_1_622' title='bbox 1030 2795 1114 2818; x_wconf 89' lang='lat' dir='ltr'>num</span> <span class='ocrx_word' id='word_1_623' title='bbox 1125 2795 1212 2831; x_wconf 83' lang='lat' dir='ltr'>aqua</span> <span class='ocrx_word' id='word_1_624' title='bbox 1225 2783 1368 2821; x_wconf 87' lang='lat' dir='ltr'>fontana</span> <span class='ocrx_word' id='word_1_625' title='bbox 1375 2783 1532 2820; x_wconf 88' lang='lat' dir='ltr'>bonitate</span> <span class='ocrx_word' id='word_1_626' title='bbox 1541 2783 1673 2832; x_wconf 88' lang='lat' dir='ltr'>superet</span> <span class='ocrx_word' id='word_1_627' title='bbox 1681 2781 2042 2819; x_wconf 76' lang='lat' dir='ltr'>fluvialem?Adferam</span> <span class='ocrx_word' id='word_1_628' title='bbox 2060 2782 2061 2796; x_wconf 66' lang='lat'>¹</span> 
     </span>
     <span class='ocr_line' id='line_1_54' title="bbox 339 2824 2061 2881; baseline 0.001 -17"><span class='ocrx_word' id='word_1_629' title='bbox 339 2828 518 2877; x_wconf 86' lang='lat' dir='ltr'>utriusque</span> <span class='ocrx_word' id='word_1_630' title='bbox 531 2830 632 2878; x_wconf 82' lang='lat' dir='ltr'>partis</span> <span class='ocrx_word' id='word_1_631' title='bbox 641 2830 810 2865; x_wconf 86' lang='lat' dir='ltr'>rationes:</span> <span class='ocrx_word' id='word_1_632' title='bbox 826 2831 1163 2868; x_wconf 63' lang='lat' dir='ltr'>decissonemlefflori</span> <span class='ocrx_word' id='word_1_633' title='bbox 1179 2831 1355 2880; x_wconf 86' lang='lat' dir='ltr'>relinquO,</span> <span class='ocrx_word' id='word_1_634' title='bbox 1370 2832 1406 2867; x_wconf 77' lang='grc' dir='ltr'>ὅ(</span> <span class='ocrx_word' id='word_1_635' title='bbox 1422 2833 1581 2880; x_wconf 86' lang='lat' dir='ltr'>quidem,</span> <span class='ocrx_word' id='word_1_636' title='bbox 1596 2844 1671 2881; x_wconf 75' lang='lat' dir='ltr'>quae</span> <span class='ocrx_word' id='word_1_637' title='bbox 1687 2832 1848 2866; x_wconf 74' lang='lat' dir='ltr'>fontanas</span> <span class='ocrx_word' id='word_1_638' title='bbox 1862 2842 2040 2868; x_wconf 81' lang='lat' dir='ltr'>commen·</span> <span class='ocrx_word' id='word_1_639' title='bbox 2059 2824 2061 2837; x_wconf 78' lang='grc'><em>“</em></span> 
     </span>
     <span class='ocr_line' id='line_1_55' title="bbox 340 2879 2041 2926; baseline 0.002 -14"><span class='ocrx_word' id='word_1_640' title='bbox 340 2879 440 2917; x_wconf 82' lang='lat' dir='ltr'>dent,</span> <span class='ocrx_word' id='word_1_641' title='bbox 456 2879 734 2926; x_wconf 86' lang='lat' dir='ltr'>sunt,quodn0n</span> <span class='ocrx_word' id='word_1_642' title='bbox 748 2879 945 2915; x_wconf 77' lang='lat' dir='ltr'>crassescant</span> <span class='ocrx_word' id='word_1_643' title='bbox 961 2879 1253 2920; x_wconf 84' lang='lat' dir='ltr'>exhalationibus,</span> <span class='ocrx_word' id='word_1_644' title='bbox 1269 2890 1306 2916; x_wconf 89' lang='lat' dir='ltr'>ut</span> <span class='ocrx_word' id='word_1_645' title='bbox 1316 2879 1467 2916; x_wconf 85' lang='lat' dir='ltr'>fluviales</span> <span class='ocrx_word' id='word_1_646' title='bbox 1481 2893 1492 2925; x_wconf 82' lang='lat'>3</span> <span class='ocrx_word' id='word_1_647' title='bbox 1507 2881 1690 2920; x_wconf 75' lang='lat' dir='ltr'>Secundo,</span> <span class='ocrx_word' id='word_1_648' title='bbox 1705 2892 1777 2914; x_wconf 89' lang='lat' dir='ltr'>non</span> <span class='ocrx_word' id='word_1_649' title='bbox 1793 2880 2041 2916; x_wconf 77' lang='lat' dir='ltr'>immisceamur</span> 
     </span>
     <span class='ocr_line' id='line_1_56' title="bbox 339 2912 2061 2977; baseline 0.003 -18"><span class='ocrx_word' id='word_1_650' title='bbox 339 2923 548 2961; x_wconf 70' lang='lat' dir='ltr'>dissimilium</span> <span class='ocrx_word' id='word_1_651' title='bbox 565 2938 729 2975; x_wconf 83' lang='lat' dir='ltr'>aquarum</span> <span class='ocrx_word' id='word_1_652' title='bbox 745 2926 926 2964; x_wconf 77' lang='lat' dir='ltr'>concursu,</span> <span class='ocrx_word' id='word_1_653' title='bbox 975 2928 1095 2964; x_wconf 79' lang='lat' dir='ltr'>Tertio</span> <span class='ocrx_word' id='word_1_654' title='bbox 1113 2930 1209 2977; x_wconf 90' lang='lat' dir='ltr'>quod</span> <span class='ocrx_word' id='word_1_655' title='bbox 1225 2940 1297 2963; x_wconf 88' lang='lat' dir='ltr'>non</span> <span class='ocrx_word' id='word_1_656' title='bbox 1310 2938 1364 2964; x_wconf 90' lang='lat' dir='ltr'>tot</span> <span class='ocrx_word' id='word_1_657' title='bbox 1378 2929 1562 2964; x_wconf 86' lang='lat' dir='ltr'>herbarum</span> <span class='ocrx_word' id='word_1_658' title='bbox 1578 2928 1614 2966; x_wconf 77' lang='grc' dir='ltr'>ὅ(</span> <span class='ocrx_word' id='word_1_659' title='bbox 1628 2928 1796 2977; x_wconf 77' lang='lat' dir='ltr'>stirpium,</span> <span class='ocrx_word' id='word_1_660' title='bbox 1811 2940 1955 2976; x_wconf 84' lang='lat' dir='ltr'>quarum</span> <span class='ocrx_word' id='word_1_661' title='bbox 1969 2927 2037 2964; x_wconf 76' lang='lat' dir='ltr'>suc·</span> <span class='ocrx_word' id='word_1_662' title='bbox 2057 2912 2061 2942; x_wconf 71' lang='lat'><strong>¹</strong></span> 
     </span>
     <span class='ocr_line' id='line_1_57' title="bbox 341 2973 2059 3025; baseline 0.002 -18"><span class='ocrx_word' id='word_1_663' title='bbox 341 2984 386 3007; x_wconf 88' lang='lat' dir='ltr'>co</span> <span class='ocrx_word' id='word_1_664' title='bbox 401 2973 612 3015; x_wconf 77' lang='lat' dir='ltr'>inficiantur,</span> <span class='ocrx_word' id='word_1_665' title='bbox 622 2975 752 3010; x_wconf 89' lang='lat' dir='ltr'>radices</span> <span class='ocrx_word' id='word_1_666' title='bbox 766 2974 892 3012; x_wconf 78' lang='lat' dir='ltr'>lavent.</span> <span class='ocrx_word' id='word_1_667' title='bbox 945 2975 1101 3023; x_wconf 85' lang='lat' dir='ltr'>Qarto,</span> <span class='ocrx_word' id='word_1_668' title='bbox 1116 2978 1213 3025; x_wconf 91' lang='lat' dir='ltr'>quod</span> <span class='ocrx_word' id='word_1_669' title='bbox 1224 2975 1364 3024; x_wconf 63' lang='lat' dir='ltr'>injectas</span> <span class='ocrx_word' id='word_1_670' title='bbox 1375 2976 1489 3013; x_wconf 87' lang='lat' dir='ltr'>sordes</span> <span class='ocrx_word' id='word_1_671' title='bbox 1505 2989 1577 3012; x_wconf 86' lang='lat' dir='ltr'>non</span> <span class='ocrx_word' id='word_1_672' title='bbox 1586 2978 1777 3015; x_wconf 82' lang='lat' dir='ltr'>devehant,</span> <span class='ocrx_word' id='word_1_673' title='bbox 1794 2977 1829 3012; x_wconf 89' lang='lat' dir='ltr'>in</span> <span class='ocrx_word' id='word_1_674' title='bbox 1839 2989 1913 3023; x_wconf 84' lang='lat' dir='ltr'>quae</span> <span class='ocrx_word' id='word_1_675' title='bbox 1922 2975 2037 3012; x_wconf 77' lang='lat' dir='ltr'>omnia</span> <span class='ocrx_word' id='word_1_676' title='bbox 2058 3003 2059 3007; x_wconf 59' lang='grc'>,</span> 
     </span>
     <span class='ocr_line' id='line_1_58' title="bbox 340 3021 2059 3077; baseline 0.002 -22"><span class='ocrx_word' id='word_1_677' title='bbox 340 3021 568 3057; x_wconf 87' lang='lat' dir='ltr'>incommoda</span> <span class='ocrx_word' id='word_1_678' title='bbox 576 3021 951 3070; x_wconf 76' lang='lat' dir='ltr'>fluvialisaquaincidit,</span> <span class='ocrx_word' id='word_1_679' title='bbox 991 3025 1055 3059; x_wconf 91' lang='lat' dir='ltr'>His</span> <span class='ocrx_word' id='word_1_680' title='bbox 1066 3037 1139 3060; x_wconf 91' lang='lat' dir='ltr'>non</span> <span class='ocrx_word' id='word_1_681' title='bbox 1152 3025 1382 3065; x_wconf 80' lang='lat' dir='ltr'>obstantibus,</span> <span class='ocrx_word' id='word_1_682' title='bbox 1398 3024 1473 3060; x_wconf 87' lang='lat' dir='ltr'>sunt</span> <span class='ocrx_word' id='word_1_683' title='bbox 1486 3035 1604 3061; x_wconf 89' lang='lat' dir='ltr'>tamen</span> <span class='ocrx_word' id='word_1_684' title='bbox 1613 3025 1825 3077; x_wconf 66' lang='lat' dir='ltr'>aliqua-›quae</span> <span class='ocrx_word' id='word_1_685' title='bbox 1842 3024 2036 3060; x_wconf 72' lang='lat' dir='ltr'>fluviatilem</span> <span class='ocrx_word' id='word_1_686' title='bbox 2056 3027 2059 3067; x_wconf 57' lang='grc' dir='ltr'><strong><em>ᾗ</em></strong></span> 
     </span>
     <span class='ocr_line' id='line_1_59' title="bbox 338 3070 2057 3121; baseline 0.002 -18"><span class='ocrx_word' id='word_1_687' title='bbox 338 3081 463 3116; x_wconf 85' lang='lat' dir='ltr'>aquam</span> <span class='ocrx_word' id='word_1_688' title='bbox 479 3092 489 3109; x_wconf 92' lang='lat'>,</span> <span class='ocrx_word' id='word_1_689' title='bbox 504 3071 589 3106; x_wconf 76' lang='lat' dir='ltr'>teste</span> <span class='ocrx_word' id='word_1_690' title='bbox 604 3070 802 3106; x_wconf 87' lang='lat' dir='ltr'>Columella</span> <span class='ocrx_word' id='word_1_691' title='bbox 818 3071 853 3107; x_wconf 71' lang='grc' dir='ltr'>δε</span> <span class='ocrx_word' id='word_1_692' title='bbox 867 3072 1046 3107; x_wconf 76' lang='lat' dir='ltr'>Aviceiiiia</span> <span class='ocrx_word' id='word_1_693' title='bbox 1060 3095 1070 3112; x_wconf 90' lang='lat'>,</span> <span class='ocrx_word' id='word_1_694' title='bbox 1086 3073 1267 3109; x_wconf 89' lang='lat' dir='ltr'>salubritati</span> <span class='ocrx_word' id='word_1_695' title='bbox 1277 3084 1464 3121; x_wconf 89' lang='lat' dir='ltr'>corporum</span> <span class='ocrx_word' id='word_1_696' title='bbox 1483 3073 1875 3109; x_wconf 84' lang='lat' dir='ltr'>accommodatissimam</span> <span class='ocrx_word' id='word_1_697' title='bbox 1894 3073 2036 3110; x_wconf 75' lang='lat' dir='ltr'>faciunt:</span> <span class='ocrx_word' id='word_1_698' title='bbox 2056 3115 2057 3118; x_wconf 11' lang='grc' dir='ltr'><strong>Ἴ</strong></span> 
     </span>
     <span class='ocr_line' id='line_1_60' title="bbox 337 3118 2058 3168; baseline 0.002 -17"><span class='ocrx_word' id='word_1_699' title='bbox 337 3128 417 3152; x_wconf 85' lang='lat' dir='ltr'>nam</span> <span class='ocrx_word' id='word_1_700' title='bbox 432 3118 756 3165; x_wconf 86' lang='lat' dir='ltr'>primo,motusille</span> <span class='ocrx_word' id='word_1_701' title='bbox 770 3119 952 3166; x_wconf 72' lang='lat' dir='ltr'>&amp;agitatio</span> <span class='ocrx_word' id='word_1_702' title='bbox 968 3132 1041 3155; x_wconf 92' lang='lat' dir='ltr'>non</span> <span class='ocrx_word' id='word_1_703' title='bbox 1058 3133 1178 3168; x_wconf 85' lang='lat' dir='ltr'>parum</span> <span class='ocrx_word' id='word_1_704' title='bbox 1198 3122 1335 3157; x_wconf 85' lang='lat' dir='ltr'>confert</span> <span class='ocrx_word' id='word_1_705' title='bbox 1347 3122 1390 3156; x_wconf 90' lang='lat' dir='ltr'>ad</span> <span class='ocrx_word' id='word_1_706' title='bbox 1404 3122 1609 3156; x_wconf 88' lang='lat' dir='ltr'>cruditatem</span> <span class='ocrx_word' id='word_1_707' title='bbox 1625 3121 1852 3167; x_wconf 69' lang='lat' dir='ltr'>castigandam</span> <span class='ocrx_word' id='word_1_708' title='bbox 1869 3135 1879 3158; x_wconf 70' lang='grc' dir='ltr'><strong>ι</strong></span> <span class='ocrx_word' id='word_1_709' title='bbox 1896 3122 1984 3157; x_wconf 65' lang='grc' dir='ltr'>Δίὲιςίιτ</span> <span class='ocrx_word' id='word_1_710' title='bbox 2000 3130 2031 3154; x_wconf 85' lang='lat' dir='ltr'>e·</span> <span class='ocrx_word' id='word_1_711' title='bbox 2055 3124 2058 3163; x_wconf 73' lang='lat' dir='ltr'><strong>j</strong></span> 
     </span>
    </p>
   </div>
   <div class='ocr_carea' id='block_1_3' title="bbox 336 3158 2057 3255">
    <p class='ocr_par' dir='ltr' id='par_1_12' title="bbox 336 3158 2057 3255">
     <span class='ocr_line' id='line_1_61' title="bbox 336 3158 2057 3255; baseline 0.001 -55"><span class='ocrx_word' id='word_1_712' title='bbox 336 3165 428 3206; x_wconf 77' lang='lat' dir='ltr'>nim,</span> <span class='ocrx_word' id='word_1_713' title='bbox 443 3175 481 3201; x_wconf 88' lang='lat' dir='ltr'>ut</span> <span class='ocrx_word' id='word_1_714' title='bbox 496 3167 593 3203; x_wconf 86' lang='lat' dir='ltr'>crudi</span> <span class='ocrx_word' id='word_1_715' title='bbox 607 3167 764 3203; x_wconf 84' lang='lat' dir='ltr'>humoris</span> <span class='ocrx_word' id='word_1_716' title='bbox 772 3158 945 3216; x_wconf 72' lang='lat' dir='ltr'>pariiculae</span> <span class='ocrx_word' id='word_1_717' title='bbox 960 3168 1075 3205; x_wconf 78' lang='lat' dir='ltr'>[altem</span> <span class='ocrx_word' id='word_1_718' title='bbox 1088 3169 1200 3217; x_wconf 86' lang='lat' dir='ltr'>aliqua</span> <span class='ocrx_word' id='word_1_719' title='bbox 1215 3181 1255 3205; x_wconf 87' lang='lat' dir='ltr'>ex</span> <span class='ocrx_word' id='word_1_720' title='bbox 1263 3179 1358 3217; x_wconf 90' lang='lat' dir='ltr'>parte</span> <span class='ocrx_word' id='word_1_721' title='bbox 1367 3179 1610 3208; x_wconf 80' lang='lat' dir='ltr'>extenuentur.</span> <span class='ocrx_word' id='word_1_722' title='bbox 1667 3159 1831 3206; x_wconf 63' lang='lat' dir='ltr'>Se‘cundo</span> <span class='ocrx_word' id='word_1_723' title='bbox 1843 3192 1854 3211; x_wconf 71' lang='lat'><em>2</em></span> <span class='ocrx_word' id='word_1_724' title='bbox 1875 3170 1956 3255; x_wconf 47' lang='lat' dir='ltr'>ciiiim</span> <span class='ocrx_word' id='word_1_725' title='bbox 1970 3164 2042 3223; x_wconf 57' lang='lat' dir='ltr'>Seis</span> <span class='ocrx_word' id='word_1_726' title='bbox 2056 3166 2057 3202; x_wconf 70' lang='grc' dir='ltr'>ἶ</span> 
     </span>
     <span class='ocr_line' id='line_1_62' title="bbox 345 3225 2038 3254; baseline -0.002 -1"><span class='ocrx_word' id='word_1_727' title='bbox 345 3236 354 3242; x_wconf 85' lang='grc'><em>·</em></span> <span class='ocrx_word' id='word_1_728' title='bbox 1925 3225 2038 3254; x_wconf 79' lang='lat' dir='ltr'>umina</span> 
     </span>
    </p>
   </div>
  </div>
 </body>
</html>
