2087 3610
583 248 1150 320 Philosophico-Politica.
1640 256 1738 322 263

30 333 150 366 tentat.
200 323 369 362 Providus
384 323 650 360 Politicioculus
669 326 769 360 caute
780 324 872 360 malo
887 327 1057 366 occurrit,
1071 337 1110 362 ut
1124 327 1160 362 in
1176 325 1310 363 semine
1323 325 1443 366 elidat,
1456 328 1603 365 adornat
1615 338 1749 377 tempe-

28 373 112 411 stive
126 375 294 414 remedia,
312 384 463 420 cumque
480 373 649 420 incipiunt
661 373 896 422 curvarileges
910 374 1006 409 velut
1015 386 1081 410 ova
1092 375 1295 413 immanium
1305 375 1537 412 calamitatum
1550 377 1585 412 in
1594 380 1747 413 cunabu-

28 421 68 457 lis
77 422 274 466 contundit.
328 422 423 456 Dum
442 421 478 455 in
490 421 594 456 herba
608 419 729 455 lolium
739 419 802 459 est,
821 422 1038 460 exterminat.
1087 422 1208 458 Primis
1227 424 1342 472 legum
1358 423 1508 471 rupturis
1517 427 1694 466 medetur,
1703 437 1748 461 ne

30 470 165 520 integer
173 468 266 506 casus
283 468 512 516 subsequatur.
566 469 651 504 Non
661 478 755 503 natas
765 469 881 505 adhuc
895 470 1067 505 domuum
1082 470 1184 506 rimas
1199 471 1387 519 praevertit,
1403 471 1461 518 qui
1476 483 1548 506 non
1566 474 1639 508 vult
1653 475 1748 509 vide-

29 529 194 563 remuros
207 528 303 553 terrae
318 526 483 564 aequatos.
533 517 687 565 Quando
699 516 865 552 labascere
881 517 999 553 nititur
1009 518 1216 565 Reipublicae
1231 530 1422 568 compago,
1437 519 1569 554 calcem
1581 522 1748 557 admovet

31 567 83 603 vir
96 566 272 614 publicus,
287 565 423 614 Legum
439 564 586 602 vincula.
636 568 719 613 Leges
725 564 1097 613 fimtRerumpublicarum
1107 569 1244 608 vhzcula,
1258 565 1369 614 ajebat
1376 566 1484 602 Plato.
1535 566 1747 616 Lapislapidi

31 623 225 660 caement03
239 624 365 649 nervus
382 624 490 648 nervo
501 610 664 659 junctura
678 625 690 658 3
705 615 903 648 membrum
919 613 1019 649 civile
1033 614 1124 650 civili
1134 614 1564 664 Legisvinculoneffitur,
1578 618 1744 663 quointe-
1762 634 1825 666 Pla,
1856 634 1869 665 Ι
1896 645 1905 665 ,

2 683 8 689 -
104 664 279 699 bonorum
297 671 418 697 catena
432 661 578 697 trahitur
589 683 600 701 ,
615 660 635 695 fi
654 660 827 696 servantur
841 675 850 696 :
867 661 1037 710 malorum
1053 662 1124 697 ilias
1140 663 1350 710 subsequitur
1363 686 1373 703 ,
1389 663 1410 698 fi
1425 663 1608 699 violantur.
1659 666 1743 699 Vio-
1764 681 1798 714 de
1811 659 1835 714 l}
1852 660 1880 713 ι-ξ,
1908 658 1917 667 ’

31 674 166 750 ffiturff
184 710 421 746 Renoventur.
472 709 699 744 Renoventur
710 709 811 750 dim,
826 721 899 744 non
915 710 1138 746 innoventur.
1188 712 1286 759 Qid
1302 712 1394 747 enim
1405 723 1504 748 novae
1520 712 1613 759 leges
1629 734 1639 751 ‚
1654 712 1674 747 fi
1691 724 1749 748 ve-
1830 693 1851 728 g
1882 706 1890 715 ⁸

34 769 124 795 teres
140 769 346 795 corruerunt
364 757 378 796 ξ
400 758 512 793 Novae
527 756 620 806 leges
638 758 771 793 nonnisi
785 769 867 794 cuin
883 758 1054 794 evidentia
1069 759 1221 795 utilitatis
1236 760 1448 799 condendae‚
1465 759 1558 795 suasit
1574 760 1752 808 Ulpianus,

36 808 110 844 Rex
119 808 224 843 durus
237 806 371 846 omnis,
388 805 517 854 sceptra
533 806 593 853 qui
611 805 731 841 tractat
743 817 846 844 nova.
895 805 987 842 Tota
1000 819 1081 842 cura
1095 807 1149 847 fit,
1166 819 1212 843 ne
1222 809 1335 857 priscae
1350 808 1589 855 antiquentur,
1604 820 1676 844 non
1693 822 1756 845 no-

35 866 85 892 vae
99 856 328 891 inveniantur.
380 854 562 889 Renovare
578 864 718 901 oportet
732 877 742 894 ‚
757 865 832 902 quae
847 853 1024 890 senescunt
1037 878 1048 895 ‚
1069 867 1142 890 non
1163 857 1318 892 condere
1330 879 1341 896 ‚
1363 867 1439 903 quae
1456 857 1580 892 iterum
1596 866 1757 905 ternpore

33 902 267 953 languescunt.
318 903 466 938 Emorifi
482 904 654 950 coeperint
667 913 802 938 veteres
816 902 927 951 leges,
946 901 1069 939 florem
1078 905 1188 945 adde,
1200 915 1238 940 ut
1253 904 1468 940 revirelcant.
1520 904 1638 940 Oculo
1655 906 1756 941 soler-

34 954 103 988 tiin
118 951 304 987 violatores
321 951 463 1000 indaga,
477 951 513 987 ἀ
530 962 575 986 ne
591 951 626 986 In
638 950 697 986 suo
715 949 868 986 florelex
883 951 1088 992 veterascat,
1106 951 1234 1000 spinam
1250 954 1357 993 adde,
1374 963 1517 1000 poenam
1533 954 1638 989 sume.
1667 954 1756 991 Haec

34 997 174 1050 pessima
181 999 228 1036 est
241 1000 396 1040 bonitas,
412 1010 487 1048 quae
498 1000 564 1034 reis
605 999 706 1039 arcit,
722 1002 817 1035 unde
833 998 927 1047 leges
936 999 1179 1040 collabascunt.
1230 1000 1364 1037 Primos
1372 1001 1478 1036 ruinae
1487 1002 1651 1037 authores
1655 1001 1754 1049 justi-

35 1050 80 1085 tia
97 1048 317 1097 perstringat,
334 1059 379 1084 ne
393 1048 562 1084 secundus
588 1057 743 1095 equatur.
794 1047 941 1095 Lapium
955 1048 1173 1097 prosequitur
1187 1072 1198 1090 ,
1212 1050 1272 1098 qui
1285 1049 1404 1098 primis
1417 1049 1570 1086 motibus
1586 1062 1659 1087 non
1674 1063 1757 1099 prae·

33 1097 149 1134 vertit.
200 1097 234 1132 Si
243 1095 465 1145 primuslegis
480 1105 703 1143 contemptus
719 1096 834 1143 rigore
850 1107 924 1131 non
932 1097 1191 1145 compensatur,
1211 1097 1279 1147 ipsa
1290 1096 1522 1133 misericordia
1532 1097 1637 1135 scelus
1648 1099 1755 1148 auspi-

35 1156 141 1182 catur.
191 1144 275 1181 Hoc
290 1143 430 1180 solenne
439 1143 486 1179 est
497 1143 766 1192 Legislatoribus
779 1167 790 1184 ,
817 1143 837 1179 fi
848 1145 935 1180 boni
950 1145 1079 1193 publici
1093 1145 1239 1182 Zelotes
1253 1145 1346 1187 sunt,
1364 1155 1475 1182 totam
1490 1146 1702 1182 severitatem
1720 1148 1758 1183 in

34 1195 164 1243 primos
179 1203 368 1229 exonerare
381 1193 547 1240 peccandi
557 1191 745 1240 magistros.
795 1194 919 1228 Brutus
935 1204 1114 1230 recentem
1129 1195 1245 1243 patriae
1262 1194 1454 1231 libertatem
1476 1195 1580 1230 etiam
1605 1194 1759 1231 filiorum

39 1242 231 1279 cervicibus
242 1240 445 1277 sustentavit.
494 1240 690 1276 Alexander
703 1240 846 1289 auspicia
854 1241 977 1276 Persici
986 1242 1125 1290 Imperii
1143 1244 1314 1280 dedicavit
1321 1240 1408 1279 Beffi
1411 1241 1548 1292 jugulo.
1611 1243 1758 1280 Timore

40 1300 203 1340 urgeatur
218 1289 336 1339 legum
351 1300 450 1324 amor
473 1311 484 1329 ‚
498 1301 608 1337 quum
629 1287 756 1325 affeetu
774 1289 854 1338 cogi
878 1301 952 1325 non
967 1290 1089 1337 potest.
1138 1291 1275 1327 Timori
1291 1291 1388 1328 velut
1404 1292 1482 1327 Deo
1504 1303 1597 1327 aram
1611 1304 1651 1328 ac
1666 1302 1754 1328 tem-

35 1339 132 1388 plum
147 1339 166 1374 a
181 1337 380 1374 Laconibus
396 1337 549 1372 cresium
566 1337 769 1373 Plutarchus
786 1338 946 1378 testatur,
964 1339 1036 1374 hoc
1059 1339 1154 1375 enim
1171 1339 1283 1390 Leges
1295 1352 1336 1376 ac
1352 1339 1537 1387 Rempubl.
1561 1340 1753 1377 conservari
1769 1355 1900 1389 Valerim

36 1388 252 1425 credebant..
281 1388 334 1421 Res
344 1387 427 1420 italas
437 1391 528 1419 armis
536 1390 647 1425 tuteris,
658 1384 788 1420 moribus
799 1399 897 1427 ornes,
912 1390 952 1423 Le
969 1386 1033 1421 ibus
1040 1387 1181 1424 emendes.
1232 1389 1306 1438 Qi
1323 1387 1354 1424 se
1367 1388 1499 1437 legibus
1513 1388 1634 1424 eximit
1646 1412 1656 1429 ‚
1673 1400 1732 1437 poe
1767 1400 1928 1438 flaccmad

39 1449 83 1472 na
96 1436 303 1472 redimatur:
319 1444 378 1469 ant
392 1433 460 1483 legi
472 1444 533 1469 aut
538 1431 651 1481 judici
665 1435 895 1482 obtemperet.
946 1398 1102 1472 Perdunt
1117 1437 1231 1486 Reges
1246 1438 1282 1473 ὅ(
1296 1436 1408 1485 Leges
1422 1437 1683 1473 Authoritatem
1697 1461 1705 1477 ,
1730 1438 1751 1473 li
1767 1445 1901 1498 Amasti

39 1480 256 1534 transgress'io
264 1482 640 1518 habetimmunitatem.
689 1482 807 1519 Tanto
822 1483 954 1520 cautius
965 1483 1294 1533 servantur-,quanto
1304 1486 1404 1534 citius
1415 1485 1449 1520 in
1459 1485 1589 1533 prImos
1603 1486 1748 1521 violato-
1768 1482 1837 1544 as*

0 1552 5 1556 -
40 1543 95 1569 res
107 1531 303 1568 advertitur.
353 1529 659 1579 Nequeinfirmam
668 1540 784 1579 patere
792 1543 901 1580 remp.
911 1543 986 1580 quae
999 1532 1109 1568 solum
1126 1533 1159 1568 in
1177 1533 1306 1569 debiles
1315 1534 1394 1569 [ciat
1403 1534 1616 1581 romphaeam
1631 1534 1751 1570 tradia-
1820 1528 1830 1539 ⁹

42 1592 95 1622 re,
109 1589 268 1628 potentes
280 1578 355 1618 finit
370 1579 583 1627 prolibidine
594 1577 672 1626 jura
684 1580 822 1618 violare.
873 1581 959 1615 Non
969 1580 1052 1616 solas
1061 1593 1164 1618 vexet
1176 1584 1316 1618 censura
1324 1582 1513 1620 columbas.
1566 1582 1694 1618 Dicere
1703 1584 1753 1618 lo-

44 1629 135 1665 lebat
141 1628 384 1664 Anaxarchus:
399 1638 433 1660 ut
440 1630 636 1663 Aranearum
651 1629 719 1662 telas
733 1633 818 1662 corvi
825 1639 1036 1676 perrumpunt,
1051 1631 1149 1674 must-a
1162 1632 1367 1678 implicantur:
1381 1635 1424 1663 ita
1436 1632 1504 1678 leges
1520 1629 1696 1677 plebeculam
1706 1645 1756 1666 ve·
1772 1628 1917 1662 Anaerar.

40 1677 132 1718 xant,
149 1689 185 1711 ac
197 1675 379 1724 ipoteneibus
391 1677 541 1710 violantur
548 1674 674 1723 impunb.
724 1676 833 1712 Etiam
841 1689 966 1726 magna
975 1677 1085 1726 capita
1098 1679 1215 1728 legum
1224 1679 1370 1715 vinculis
1386 1678 1600 1728 stringantur.
1772 1673 1852 1719 apud
1857 1674 1924 1706 Plu·

120 1732 123 1733 ’
136 1723 205 1761 Vel
221 1724 354 1773 optime
372 1723 434 1759 illae
448 1722 644 1764 florebunt,
658 1733 717 1760 aut
732 1725 918 1772 aliquando
939 1725 1147 1762 labefactatae
1162 1727 1454 1767 restaurabuntur,
1469 1728 1491 1763 ii
1508 1728 1576 1776 ipse
1590 1728 1663 1763 Rex
1679 1728 1756 1764 viva
1772 1722 1865 1755 tarch.

42 1772 81 1810 sit
92 1773 158 1813 lex.
208 1772 248 1808 Id
262 1773 360 1821 quod
373 1773 524 1821 optimus
535 1771 902 1820 aeque2acjustiffimus
916 1773 1027 1810 Caelar
1043 1775 1094 1810 M.
1104 1775 1266 1817 Aurelius
1276 1776 1487 1811 Claudiusin
1500 1777 1685 1824 proverbio
1696 1778 1754 1812 ha·
1775 1769 1896 1804 TrebelL

41 1822 127 1860 buit.
176 1821 286 1857 Senlit
301 1820 465 1856 nimirum
481 1843 493 1861 ‚
515 1823 611 1868 quod
627 1821 737 1856 Solon
746 1821 976 1869 Philosophus
989 1823 1072 1858 dixit
1086 1837 1095 1859 ε
1115 1827 1150 1858 Si
1160 1828 1297 1872 Princeps
1305 1824 1469 1869 ficundum
1481 1827 1549 1872 leges
1560 1830 1645 1859 vivat
1657 1848 1667 1865 ,
1685 1832 1752 1859 um·-
1768 1820 1867 1859 Pallia.

41 1872 157 1917 versiam
169 1882 261 1918 remp,
274 1875 377 1916 opn'me
388 1880 459 1903 tunc
472 1882 504 1903 re
521 1877 554 1909 ι’,
568 1870 695 1916 adeoque
699 1871 822 1918 singulos
839 1875 915 1904 ci'ves
927 1875 959 1904 1'n
972 1870 1058 1917 officio
1073 1876 1225 1908 continerl.
1277 1873 1408 1909 Civitas
1430 1872 1497 1908 fine
1510 1873 1543 1908 le
1568 1885 1587 1908 e
1600 1895 1611 1912 ι,
1627 1873 1663 1909 ὃ(
1679 1885 1715 1909 re
1743 1897 1753 1902 -
1825 1911 1831 1917 ,

44 1931 129 1954 num
141 1918 210 1954 fine
226 1919 343 1967 Rege,
358 1918 442 1965 quid
468 1918 499 1952 el
530 1917 587 1953 nisi
603 1930 729 1966 corpus
750 1918 819 1954 line
835 1919 975 1954 anima?
994 1929 1028 1955 at
1040 1920 1154 1956 anima
1172 1921 1270 1970 regni
1285 1933 1406 1957 nonne
1424 1921 1498 1956 Rex
1515 1922 1547 1956 el
1575 1922 1588 1957 ἓ
1602 1924 1642 1955 Et
1654 1927 1758 1957 anima
1773 1905 1914 1952 Epzchar-

45 1970 273 2016 Reip.tanquam
289 1971 412 2013 corporis
427 1971 587 2016 cujuspiam
602 1968 646 2000 efl
658 1970 716 2001 lex.
766 1965 981 2003 Assentiente
992 1969 1282 2016 pariterDemost.
1331 1972 1416 2017 Leges
1430 1974 1556 2002 abnam
1571 1974 1706 2003 animam
1717 1973 1756 2016 est
1772 1967 1838 1987 mus
1852 1955 1931 2000 “im“i

37 2016 78 2061 [ἓ.
134 2014 400 2064 Quemadmodum
419 2019 557 2048 exanime
570 2026 669 2062 corpus
682 2019 809 2055 corruit,
813 2016 859 2060 fic
871 2020 975 2049 civitas
983 2018 1047 2061 fine
1059 2018 1114 2065 Iege
1132 2032 1189 2051 non
1209 2016 1334 2063 cotfistt’t.
1401 2018 1544 2054 Animet
1558 2019 1632 2053 Rex
1646 2019 1758 2068 Regni
1773 2005 1850 2038 ΡΜ·

35 2064 158 2101 Αειιιίῐιιει
171 2062 346 2101 civitatem
355 2062 439 2113 legis
447 2061 679 2104 observantia,
695 2062 762 2112 ipse
779 2063 816 2099 fit
831 2064 1019 2112 lpiranslex
1027 2088 1037 2107 ,
1045 2065 1118 2113 ejus
1127 2067 1327 2115 exemplum
1343 2066 1492 2114 sequitur
1502 2065 1608 2103 Grex.
1775 2053 1873 2084 cmm
1879 2063 1929 2097 W

1778 2101 1889 2137 elam,

568 2172 719 2258 Qu
738 2173 823 2238 AE
841 2172 880 2238 s
900 2173 965 2238 T
978 2173 1005 2239 1
1018 2172 1087 2238 O
1139 2173 1243 2239 vi.

357 2301 441 2353 De
461 2301 679 2353 Natura
716 2297 785 2359 Εἴ
805 2296 1210 2371 ‘Proprietatibus
1233 2295 1452 2376 lapidum

53 2444 56 2445 ⁷
774 2400 830 2434 tn
848 2384 1024 2456 specte,

182 2472 211 2508 E
225 2472 422 2509 notioribus
437 2472 475 2509 ὅ(
491 2470 704 2522 potiss'imum
714 2472 910 2522 vulgaribus
919 2485 992 2509 non
1001 2473 1155 2522 pretiolis
1168 2473 1336 2522 lapidibus
1351 2474 1417 2515 hac
1430 2473 1465 2510 in
1477 2472 1664 2521 quaestione
1672 2470 1768 2508 diffe-

191 2521 289 2557 rendi
301 2521 400 2557 locus
414 2521 496 2562 erit,
511 2521 657 2569 duplicis
673 2522 766 2557 enim
781 2522 916 2570 generis
930 2521 1060 2570 lapides
1077 2523 1153 2559 sunt
1165 2545 1176 2564 ,
1191 2534 1320 2571 nempe
1332 2523 1387 2559 vel
1401 2523 1558 2571 vulgares
1573 2521 1627 2558 vel
1640 2522 1770 2569 pretio-

189 2569 281 2618 fipro
289 2569 417 2605 diversa
429 2569 594 2617 liquidem
602 2581 699 2606 terrae
706 2582 747 2606 ac
754 2571 903 2606 materiae
913 2570 966 2606 vel
975 2571 1171 2619 impuritate
1184 2571 1238 2606 vel
1253 2572 1402 2619 puritate
1413 2593 1424 2611 ‚
1440 2570 1621 2606 subtilitate
1633 2592 1644 2611 ‚
1659 2567 1770 2606 crassi-

52 2620 118 2660 tie,
134 2618 322 2656 viscofitate
334 2641 344 2658 ‚
359 2618 489 2666 lapides
503 2629 647 2666 quoque
662 2628 872 2667 generantur
884 2619 1041 2666 puriores
1056 2642 1067 2660 ,
1080 2619 1135 2654 vel
1152 2620 1358 2667 impuriores
1371 2641 1382 2659 ι,
1397 2619 1583 2655 nobiliores
1598 2619 1652 2655 vel
1667 2618 1768 2665 igno-

54 2669 204 2704 biliores:
256 2667 304 2702 lta
312 2678 395 2703 veto
405 2667 450 2701 de
458 2667 511 2701 his
524 2669 712 2716 procedam
721 2689 732 2708 ‚
741 2677 780 2703 ut
790 2667 925 2716 lingulis
935 2667 1215 2704 conclusionibus
1226 2668 1353 2718 fingula
1366 2668 1519 2716 lapidum
1529 2678 1655 2716 genera
1665 2677 1764 2702 corri-

52 2717 277 2765 prehendam.
328 2715 447 2763 Qare
464 2714 501 2750 sit

150 2763 341 2800 Conclusio
358 2763 478 2812 prima,
532 2766 679 2797 Marmor
691 2762 738 2798 est
753 2762 835 2812 lapis
846 2763 989 2804 solidus,
1006 2764 1135 2799 nitidus
1148 2764 1185 2800 &
1200 2763 1368 2804 eximius,
1384 2764 1527 2800 maculis
1543 2763 1579 2800 ἀ
1593 2763 1770 2799 coloribus

22 2839 26 2842 -
55 2813 154 2850 variis
169 2813 448 2849 commendatus.
497 2811 603 2847 Unde
620 2810 694 2858 ejus
707 2812 914 2860 compositio
940 2812 994 2847 seu
1008 2813 1216 2849 commixtio
1238 2812 1285 2847 est
1301 2814 1492 2848 accuratior
1505 2835 1516 2852 ,
1530 2813 1564 2847 id
1581 2812 1643 2850 eli,
1662 2810 1772 2845 misci-

55 2861 174 2896 bilium
184 2859 360 2909 particulae
380 2859 456 2895 sunt
471 2861 662 2895 accuratius
679 2859 807 2899 divisae,
825 2860 1055 2908 percolatae&
1073 2860 1264 2909 implicatae,
1310 2861 1769 2908 vLaevorillipropriusaccu-

57 2910 218 2944 rariorem
233 2908 379 2956 partium
393 2907 532 2955 plexum
549 2907 584 2944 ὅ(
600 2908 769 2943 unionem
785 2919 899 2948 notat,
913 2908 971 2944 ubi
989 2909 1083 2944 enim
1092 2907 1241 2956 majores
1255 2920 1423 2957 pororum
1433 2908 1701 2947 cavitates,utin
1716 2917 1772 2941 to-

58 2957 306 3006 pho‚pumice‚
319 2956 509 2992 &aliorum
524 2957 662 2991 rudium
676 2955 827 3003 lapidum
836 2957 1035 3005 generibus,
1050 2957 1131 2993 inde
1144 2968 1332 3005 corporum
1348 2957 1504 3005 asperitas
1520 2955 1668 2993 relultat.
1696 2955 1769 2990 Dis-

3 3020 5 3035 :
36 3021 40 3024 ⁴
58 3003 209 3041 ficillime
226 3004 386 3052 sculpitur
399 3004 435 3040 ἀ
450 3004 622 3052 expolitur
654 3004 980 3052 ropterlbiiditatem
997 3005 1272 3055 &frigiditatem
1320 3007 1375 3041 Ad
1387 3004 1511 3053 species
1527 3004 1770 3053 unguentarias

3 3052 6 3091 i
22 3066 38 3072 ⁴·
59 3051 95 3089 ’ἀ
106 3054 307 3098 aro‘maticas
324 3052 565 3092 custodiendas
581 3053 629 3087 uti
645 3049 805 3091 issimum.
855 3051 923 3087 Pro
940 3053 1100 3089 colorum
1114 3064 1229 3089 autem
1239 3052 1495 3088 &macularum
1505 3054 1668 3089 varIetate
1680 3051 1768 3086 mul-

4 3094 7 3139 ἶ
59 3111 100 3136 toe
117 3102 296 3138 marmoris
311 3102 493 3142 traduntur
508 3099 650 3148 species,
666 3100 721 3136 sed
730 3100 906 3148 praecipuae
922 3100 998 3137 sunt
1015 3115 1024 3136 ε
1040 3101 1243 3146 Alabastrites,
1261 3101 1393 3148 Ophites,
1414 3102 1450 3138 ό*
1461 3101 1645 3150 Porpbyrites.
1691 3099 1768 3134 Ala-

59 3148 210 3186 bastrites
223 3149 270 3186 est
283 3159 435 3186 marmor
446 3149 683 3197 perspicuum,
699 3148 885 3184 candidum
901 3171 911 3190 ‚
926 3150 1026 3198 equo
1045 3150 1186 3198 pyxides
1200 3161 1264 3197 pro
1284 3149 1440 3185 odoratis
1460 3149 1648 3230 unguentg
1666 3146 1765 3229 flipnt.

1 3198 8 3217 '·
120 3196 126 3200 ⁴
1652 3206 1672 3243 p
1702 3194 1765 3230 ites
