2087 3610
632 191 1195 265 Philosophieo-Politica.
1675 209 1792 263 247

61 289 167 326 quam
178 274 340 314 effeetus,
355 283 536 322 nequeunt
544 274 682 310 metalla
697 276 739 310 ab
756 274 936 311 elementis
950 285 1114 322 tanquam
1131 273 1316 321 aPrincipe
1329 273 1427 309 causa
1436 270 1543 314 effici,
1560 275 1721 322 adeoque
1741 286 1794 309 re-

61 326 272 362 currendum
286 326 329 358 ad
347 324 468 363 (ider-1,
488 323 780 363 maximeSolem,
798 322 897 370 cujus
911 324 960 358 vis
978 323 1012 359 ὅ(
1031 322 1209 358 influentia
1224 323 1384 357 omnium
1393 321 1685 369 Philosophorum
1705 335 1792 357 con-

59 373 155 410 senlu
166 370 320 408 latissime
327 372 503 411 funditur,
514 371 549 406 ὅ(
559 372 603 406 ad
612 370 733 406 limiles
741 371 885 407 effeetus
894 371 978 407 mira
985 370 1190 406 efficacitate
1198 371 1316 406 omnia
1327 381 1462 418 quaqua
1470 372 1604 406 verium
1622 381 1790 418 penetrat.

69 422 166 457 Hinc
195 451 198 454 .
443 445 447 449 ι
570 448 572 451 .

158 465 347 516 Colligitur
357 466 490 513 primo,
501 476 623 501 eorum
641 465 846 514 opinionem
861 478 936 502 non
952 463 1140 506 subsistere,
1155 466 1214 513 qui
1229 475 1371 513 putant,
1388 465 1525 501 metalla
1542 467 1660 501 omnia
1676 467 1709 501 in
1725 465 1790 514 pri-

58 527 116 553 ma
125 516 248 552 mundi
258 515 434 552 creatione
444 513 611 563 produeb
619 514 810 554 fuiffemam
822 514 917 550 licuti
927 525 1053 550 natura:
1063 516 1203 551 Author
1212 515 1360 551 abinitio
1374 514 1467 549 orbis
1477 511 1792 554 animalibus-,aruo-

57 566 167 604 ribus,
180 563 324 611 aliisque
338 563 502 600 virtutem
520 563 645 598 indidit
654 563 990 611 generativam,ita&
1000 562 1146 598 metallis
1159 563 1358 598 {acuitatem
1370 585 1379 602 ,
1390 573 1428 597 ut
1436 564 1545 598 docet
1562 563 1792 609 experientia,

84 613 127 649 ua
146 621 367 660 compertum
384 610 431 647 est
446 633 457 651 ,
479 611 597 660 augeri
615 611 650 646 in
659 611 858 648 matricibus
875 610 1030 652 metalla,
1050 611 1244 658 eademque
1265 612 1442 647 interdum
1459 611 1494 646 in
1512 611 1662 647 nubibus
1678 613 1792 659 gigni,

59 625 145 698 2:111
166 670 292 696 terram
307 660 486 699 decidere,
504 661 554 694 uti
565 659 714 706 superius
729 658 872 695 dieium.

156 708 343 757 Colligitur
360 706 523 745 secundo.
574 708 653 743 Nee
662 707 929 757 Astrologorum
946 706 1147 742 sententiam
1159 705 1204 742 sat
1219 704 1352 742 firmam
1364 706 1516 755 effe,qui
1526 707 1664 757 fingulis
1674 707 1796 742 metal-

59 756 99 794 lis
116 755 266 805 fingulos
275 756 428 804 planetas
447 756 652 792 attribuunt.
702 756 758 792 Sic
768 767 889 791 aurum
899 755 990 796 Soli,
1008 755 1116 791 Lunae
1128 767 1164 790 ar
1191 765 1310 792 entum
1326 778 1336 794 ,
1357 755 1619 796 Martilerrum,
1642 756 1795 790 Saturno

59 806 257 854 plumbum,
269 805 348 852 Jovi
364 804 542 844 stannum,
562 804 741 840 Mercurio
758 813 941 854 argentum
953 804 1072 839 vivum
1085 825 1098 846 ‚
1113 814 1157 838 aes
1206 804 1300 839 eneri
1316 804 1524 841 adieribunt.
1574 805 1744 852 Qamvis
1762 816 1795 838 e-

59 853 288 890 nim&nobis
297 862 429 888 certum
442 852 495 892 Iit,
512 851 596 888 astra
617 853 653 888 in
665 851 856 888 sublunaria
873 850 1036 892 influere,
1055 851 1146 887 nulla
1161 860 1280 887 tamen
1302 852 1388 888 ratio
1405 851 1795 900 evincitpraeterconje-

22 927 25 931 -
59 901 190 938 &uram
205 923 216 942 ,
235 903 333 950 quod
347 901 609 937 &determinato
628 900 734 937 fidere
750 901 1020 937 determinatum
1039 899 1217 936 metallum
1234 901 1441 948 dependeat.

155 949 342 999 Colligitur
360 950 475 985 tertio.
527 950 639 998 Qod
650 945 1188 998 ficutingenerationefoffilium
1200 960 1273 984 non
1285 948 1559 989 metallicorum,
1577 950 1623 984 ita
1640 949 1676 985 in
1691 960 1797 998 gene-

60 998 197 1035 ratione
210 998 431 1034 metallorum
448 996 545 1033 caula
561 997 836 1033 instrumentaria
853 996 917 1037 est,
933 998 1056 1045 partim
1073 997 1185 1037 calor,
1201 997 1326 1045 partim
1345 998 1472 1046 srigus3
1489 997 1582 1036 calor
1601 998 1714 1038 enim,
1736 1009 1795 1032 cu-

60 1051 110 1092 jus
127 1045 176 1082 est
187 1056 386 1087 attenuare,
402 1047 582 1081 humidam
601 1045 867 1093 exspirationem
883 1045 994 1094 gignit
1012 1045 1046 1081 ἆ
1059 1046 1199 1093 coquit,
1215 1045 1321 1094 frigus
1333 1057 1437 1086 vero,
1453 1048 1549 1094 quod
1560 1046 1681 1094 suopte
1697 1046 1793 1095 inge-

58 1096 119 1132 nio
135 1105 327 1144 congregat
340 1117 352 1136 ,
369 1096 518 1130 eandem
533 1094 798 1142 exspirationem
814 1093 1054 1130 condensat&
1067 1094 1246 1142 constipat.

156 1134 344 1192 Colligitur
353 1152 488 1191 quarto.
540 1142 730 1190 Improbari
747 1142 952 1190 opinionem
960 1142 1094 1178 Alberti
1108 1142 1162 1177 M.
1179 1143 1240 1190 qui
1257 1141 1436 1178 materiam
1446 1141 1667 1178 metallorum
1678 1142 1795 1179 {latuit

58 1193 247 1228 humorem
265 1193 432 1240 pinguem
451 1190 564 1236 31tem
574 1190 764 1239 Agricolae,
783 1191 842 1239 qui
858 1189 1094 1226 credebateffe
1102 1200 1227 1226 terram
1236 1191 1498 1239 aquamixtam‚
1511 1192 1719 1239 pariter-(3112,
1731 1192 1794 1225 mi-

58 1237 180 1278 corum
190 1240 410 1288 peritiorum,
424 1238 791 1287 quisulphur&hydra
817 1251 916 1287 yrum
933 1238 1001 1274 effe
1018 1239 1227 1279 existimant,
1239 1240 1419 1287 equorum
1436 1239 1526 1274 varia
1541 1240 1708 1288 temperie
1719 1251 1792 1274 me-

57 1289 135 1325 talla
148 1289 267 1324 omnia
276 1287 409 1324 misceri
423 1287 557 1323 volunt.
612 1287 784 1336 Quamvis
793 1252 835 1323 {i
849 1287 1090 1324 abAristotelis
1105 1287 1233 1336 placito
1249 1300 1322 1324 non
1338 1289 1383 1323 ita
1399 1287 1610 1328 dissentiant,
1625 1288 1681 1324 ille
1696 1300 1794 1323 nam-

58 1349 126 1386 que
135 1336 354 1374 metallorum
363 1336 446 1372 facit
465 1336 643 1372 materiam
658 1346 830 1371 remotam
839 1335 1006 1381 halitum3
1023 1336 1058 1372 hi
1074 1347 1158 1372 vero
1177 1337 1355 1372 materiam
1370 1337 1584 1384 proximam,
1600 1336 1740 1385 sulphur
1757 1336 1792 1372 ὅ(

63 1395 246 1435 argentum
270 1385 390 1422 vivum
414 1406 425 1425 ,
451 1395 527 1432 quae
555 1395 597 1421 ex
621 1384 787 1434 praedicsto
811 1384 922 1420 halitu
938 1407 950 1426 ,
976 1395 1015 1420 ut
1040 1395 1084 1422 ex
1108 1395 1245 1422 remota
1266 1385 1489 1421 metallorum
1513 1386 1656 1421 materia
1667 1408 1678 1426 ,
1703 1397 1791 1422 con.

61 1434 226 1472 crescant.
1132 1435 1133 1438 ’

159 1482 304 1531 Qaeres
321 1480 438 1516 adhuc
453 1481 580 1528 primo.
632 1481 834 1527 Quomodo
850 1480 1048 1529 liquelaffio
1064 1481 1286 1519 metallorum
1297 1480 1511 1531 explicetur?
1525 1481 1736 1529 Respondeo
1748 1481 1796 1519 se-

62 1531 186 1579 quentis
203 1530 330 1565 modo:
349 1529 443 1566 calor
457 1530 564 1565 habet
576 1529 741 1569 virtutem
757 1527 952 1565 relblvendi
966 1530 1153 1565 humidum
1164 1553 1175 1570 ,
1190 1530 1235 1565 ita
1245 1540 1283 1565 ut
1294 1528 1395 1570 fluat,
1414 1541 1496 1568 cum
1505 1542 1590 1579 ergo
1609 1531 1643 1566 in
1655 1531 1796 1579 quibus-

59 1582 138 1614 dam
152 1578 254 1615 rebus
268 1579 364 1613 datut
378 1578 562 1613 humidum
571 1600 582 1618 ,
592 1577 647 1613 sed
658 1578 703 1614 ita
711 1578 1031 1626 benecompaetum
1040 1601 1050 1618 ,
1060 1578 1095 1615 v&
1106 1579 1243 1614 unitum
1255 1590 1335 1613 cum
1346 1579 1498 1627 partibus
1515 1578 1794 1619 confistentibus,

59 1637 98 1662 ut
113 1628 156 1663 ab
169 1626 240 1662 aliis
256 1625 398 1674 separari
418 1637 494 1666 non
509 1625 628 1675 poffit,
644 1635 721 1662 tum
739 1626 762 1662 si
774 1627 978 1663 vehementi
996 1626 1112 1662 calore
1126 1626 1210 1662 illud
1227 1627 1412 1662 humidum
1429 1626 1619 1663 resolvatur
1633 1650 1644 1668 ,
1659 1627 1694 1664 ὅ(
1709 1637 1795 1663 atte-

56 1685 202 1715 nuetur,
216 1674 262 1710 im
279 1684 318 1710 ut
332 1672 433 1715 fluat,
450 1674 547 1710 fimul
564 1686 645 1711 cum
657 1675 806 1711 humido
823 1673 908 1711 fluet
921 1685 997 1711 tota
1015 1675 1196 1712 substantia
1212 1677 1316 1711 etiam
1333 1674 1519 1711 consistens
1535 1698 1546 1715 ,
1569 1688 1649 1711 cum
1668 1678 1795 1724 (epara-

57 1723 86 1759 ri
98 1735 173 1760 non
185 1719 314 1771 possita
330 1722 389 1758 suo
399 1724 558 1759 humido.
612 1723 707 1760 Hinc
715 1725 815 1759 datur
823 1725 930 1764 ratio,
947 1723 1129 1760 curlutum
1151 1723 1267 1760 calore
1276 1725 1450 1764 durescat,
1466 1737 1543 1759 cera
1560 1724 1739 1772 liquescat,
1755 1736 1796 1761 ac

59 1769 160 1812 fluat,
178 1772 258 1819 quia
272 1771 436 1806 nimirum
446 1772 633 1807 humidum
649 1783 736 1808 cerae
752 1771 801 1808 est
817 1773 908 1808 benc
923 1772 1146 1821 compaeium
1165 1785 1247 1808 cum
1266 1772 1443 1810 substantia
1460 1773 1665 1809 conlistente
1681 1787 1693 1819 3
1713 1775 1794 1812 ideo

54 1832 136 1856 cum
151 1820 185 1856 vi
199 1819 322 1856 caloris
338 1818 414 1855 fluit
429 1821 616 1855 humidum
628 1842 640 1860 ,
656 1818 733 1856 fluit
753 1821 856 1856 etiam
871 1820 1050 1856 substantia
1065 1821 1251 1857 consistens
1267 1832 1353 1858 cerae
1371 1835 1381 1867 3
1397 1832 1519 1858 contra
1534 1823 1794 1860 humidumluti

58 1880 133 1904 non
148 1867 196 1914 est
208 1870 298 1904 bene
309 1868 534 1916 compatrum
544 1880 626 1904 cum
642 1867 717 1916 ejus
740 1868 942 1914 substantia3
956 1869 1037 1904 ideo
1052 1882 1133 1905 cum
1147 1870 1310 1911 vicaloris
1320 1869 1397 1906 fluit
1405 1870 1469 1906 tale
1478 1871 1683 1910 humidum,
1700 1871 1792 1920 lepa-

58 1927 151 1952 ratur
165 1918 183 1951 a
197 1916 260 1952 luti
278 1915 473 1957 substantia,
491 1929 566 1965 quae
582 1918 731 1964 proinde
746 1917 896 1953 humido
911 1917 1032 1953 amissb
1049 1919 1208 1954 durescit.

156 1964 302 2013 Qaeres
320 1964 486 2001 secundo.
539 1965 614 2002 Cur
630 1965 768 2001 metalla
782 1965 1048 2003 invenianturin
1057 1967 1237 2002 montibus
1245 1966 1619 2016 praeruptis,sterilibus
1631 1990 1641 2009 2
1657 1967 1791 2017 aclapi-

57 2012 169 2053 dosis?
183 2012 592 2062 Respondeo,rationern
609 2013 974 2062 esse,quia,uthalitus
985 2015 1176 2051 metalliferi
1193 2017 1435 2056 concrescant,
1454 2016 1791 2065 superpolitilapides

56 2063 365 2100 cohiberedebent
378 2061 676 2110 transpirationem
691 2062 880 2104 halituum,
921 2074 971 2098 ua:
989 2074 1070 2099 cum
1084 2075 1159 2099 non
1175 2064 1380 2112 impeditur,
1396 2076 1439 2099 eo
1456 2067 1552 2107 quod
1571 2065 1700 2113 lapides
1715 2079 1791 2102 non

51 2110 214 2166 ,fintsatis
228 2109 338 2150 densi,
352 2109 529 2146 invenitur
539 2110 683 2159 quidem
692 2110 861 2160 lapidibus
870 2111 894 2147 a'
941 2113 1104 2148 aerescens
1113 2112 1224 2161 aliqua
1237 2112 1354 2149 emera
1369 2113 1557 2154 metallica,
1571 2114 1626 2150 led
1643 2126 1718 2153 non
1734 2116 1788 2151 in-

56 2168 196 2196 venitur
213 2169 313 2195 vena.

153 2208 299 2256 Qaeres
316 2207 431 2244 tertio.
481 2207 580 2242 Num
591 2207 693 2244 etiam
708 2208 744 2244 in
757 2206 957 2244 fluminibus
966 2219 1178 2257 generentur
1185 2208 1323 2247 metalla
1334 2232 1345 2250 ,
1359 2209 1494 2246 chmibi
1506 2210 1728 2248 inveniantur
1735 2224 1786 2248 ra-

58 2265 178 2292 menta
191 2256 265 2292 auri
282 2277 292 2296 ,
306 2255 437 2304 argenti
455 2279 466 2294 ,
479 2255 515 2292 &
530 2255 677 2292 aliorum
692 2256 941 2292 metallorum?
964 2247 1173 2305 Relpondeo
1189 2258 1350 2306 negative
1364 2281 1374 2298 ,
1385 2270 1462 2294 non
1479 2260 1573 2294 enim
1587 2272 1708 2295 amnes
1726 2272 1786 2296 au-

57 2317 136 2342 rum
144 2315 176 2342 v.
185 2316 218 2353 g.
233 2304 398 2353 gignunt,
413 2304 496 2340 sede
509 2314 615 2345 terra,
630 2316 734 2353 quam
744 2307 890 2345 radunt,
905 2304 1063 2341 effossum
1072 2328 1082 2346 ,
1100 2316 1158 2341 aut
1169 2307 1188 2341 e
1199 2307 1354 2341 fontibus
1363 2307 1396 2342 in
1406 2306 1523 2344 alveos
1533 2309 1726 2344 derivatum
1738 2310 1785 2346 sc-

58 2364 142 2391 cum
153 2353 301 2391 vehunt.
353 2353 432 2388 Nec
446 2351 494 2388 est
504 2352 613 2389 ullum
621 2364 744 2389 aurum
758 2353 1124 2403 pulchrius,videlicet
1132 2354 1230 2391 cursu
1240 2355 1276 2390 ὅ(
1285 2355 1368 2391 tritu
1381 2354 1495 2391 lotum
1512 2356 1549 2393 ὅ(
1557 2357 1783 2406 perpolitum.

326 2510 382 2575 C
402 2510 552 2577 ΟΝ
575 2511 950 2578 CLUSIO
1028 2511 1543 2581 POLITICA.

392 2599 664 2671 Consilia
675 2601 999 2675 serventur
1008 2605 1076 2674 in
1085 2604 1463 2676 abscondito

160 2737 224 2773 11ae
236 2737 373 2792 illustria
383 2737 460 2774 sunt
471 2761 482 2779 ,
498 2749 620 2776 natura
637 2741 670 2776 in
682 2741 829 2778 obscuro
843 2742 959 2790 posuit
977 2756 986 2778 t
1007 2755 1130 2779 aurum
1145 2743 1180 2781 ὅ(
1194 2755 1350 2794 gemmas
1366 2746 1399 2780 in
1415 2757 1529 2793 opaco
1547 2745 1693 2783 reservat
1708 2759 1718 2792 3
1740 2746 1778 2782 il-

167 2785 374 2839 ludinterrae
389 2787 590 2829 visceribus,
605 2790 708 2825 basin
724 2801 801 2826 arca
816 2792 1003 2838 conchylii.
1055 2792 1163 2828 Rudis
1177 2803 1274 2829 terrae
1290 2794 1391 2828 maiia
1406 2796 1552 2841 pedibus
1567 2795 1774 2832 conculcan-

167 2835 398 2881 daoincitu13
411 2845 445 2870 at
454 2836 700 2882 quifurnulum
718 2838 987 2880 succende-restit
1002 2839 1173 2877 alembico
1189 2842 1371 2889 pretiosam
1383 2842 1463 2878 avili
1477 2843 1651 2878 secernere
1666 2845 1775 2883 novit,

59 2881 376 2936 thesaurosecoeno
391 2883 535 2932 colligit.
586 2884 715 2922 Latent
728 2887 822 2922 enim
831 2887 994 2935 pretiosa,
1012 2888 1047 2924 ὅ(
1058 2890 1272 2936 prolundese
1299 2890 1367 2925 ulta
1382 2891 1616 2931 retinentur-in
1633 2890 1776 2926 abscon-

60 2930 135 2966 dito
148 2932 276 2986 quibus
291 2932 440 2986 pretium
455 2931 550 2968 inest.
600 2935 706 2969 Adeo
721 2934 866 2982 pretioia
883 2935 958 2971 sunt
975 2937 1164 2983 sapientum
1183 2902 1321 2974 consilia
1333 2961 1343 2979 ,
1368 2949 1406 2973 ut
1419 2937 1454 2974 ὅ(
1473 2938 1576 2988 Regis
1590 2940 1722 2978 anima,
1737 2939 1773 2976 ὅ(

61 2988 158 3028 regni
177 2978 401 3015 conservandi
414 2991 489 3027 pars
503 2981 636 3028 optima
654 2982 702 3020 Μ.
716 2983 860 3018 Aurelio
874 2985 1035 3019 Antonio
1054 2986 1265 3022 viderentur.
1329 2989 1376 3022 At
1392 2996 1428 3021 ut
1442 2986 1595 3021 valorem
1611 2991 1771 3034 perdunt,

61 3037 135 3081 qpae
148 3038 223 3064 non
238 3039 310 3081 rara
323 3027 416 3067 sunt,
432 3028 467 3064 ἀ
484 3030 586 3065 trivio
605 3032 755 3078 exposita
777 3044 786 3066 ι
807 3031 850 3067 fic
870 3043 975 3068 omne
995 3034 1143 3080 pretium
1159 3036 1246 3082 perit
1267 3034 1427 3073 confiat»,
1449 3031 1569 3082 vis'que
1591 3037 1715 3071 diffluit
1738 3037 1773 3072 in

58 3074 206 3112 nihilum
220 3076 354 3118 abiens,
367 3075 428 3113 nifi
436 3075 567 3114 tedium
578 3077 738 3118 servetur.
787 3079 1020 3118 Suntconfilia
1027 3082 1111 3131 regii
1119 3083 1267 3130 pectoris
1283 3082 1434 3121 soboles,
1445 3082 1655 3130 majestatem
1665 3096 1771 3132 quan-

305 3155 309 3158 .
1689 3133 1767 3167 dam
