2087 3610
295 217 357 269 28
981 201 1347 274 Meteorologia

292 283 447 318 tionibus
465 280 766 329 ficcisAExplicatur
775 280 846 315 hoc
857 279 1017 327 exemplo
1036 278 1185 326 pulveris
1196 279 1290 326 pyrei
1299 275 1500 319 humefaffi,
1508 277 1567 327 qui
1576 276 1739 313 accensus
1746 275 1924 326 strepitum
1933 275 2024 319 edit,

295 331 334 367 &
343 331 474 366 [ibilum
486 331 531 365 ob
541 330 819 365 contrarietatem
829 330 987 363 humoris
998 339 1079 362 cum
1088 327 1181 375 igne.

399 379 544 426 Qaeres
556 377 720 413 secundo.
772 378 847 412 Cur
856 376 1067 423 copiofiores
1079 376 1258 410 Dracones
1265 374 1423 410 volantes
1433 374 1628 422 spefitentur
1643 371 1876 420 aestate,quam
1885 372 2025 420 hyeme.

303 427 533 475 Respondeo,
550 427 584 461 id
593 425 770 473 fieri,quia
779 425 891 459 aestate
907 423 1116 471 copioliorcs
1131 422 1367 457 exhalationes
1380 446 1390 462 ,
1413 424 1459 458 ob
1475 421 1644 469 majorem
1660 421 1781 457 caloris
1794 421 2027 456 intenfionem

302 476 338 511 in
351 475 559 523 superiorem
570 475 655 509 aeris
662 474 844 522 regionem
853 474 1061 508 evehuntur.
1112 471 1191 506 Nec
1199 472 1315 511 refert,
1325 473 1422 517 quod
1432 471 1566 518 hyemis
1581 480 1743 517 tempore
1756 469 1871 517 plures
1878 478 2026 516 vapores

300 525 447 559 sensibus
457 524 651 562 incurrant,
661 523 745 557 dum
754 518 872 569 pallini
881 519 1130 567 eloquentium
1138 520 1192 554 vel
1201 519 1404 554 animalium
1415 531 1477 554 ore
1492 519 1652 566 copiosos
1671 519 1803 553 fumare
1819 517 1944 552 halitus
1953 528 2026 552 cer·

299 584 441 611 narnus,
451 572 625 619 contingit
634 572 705 605 hoc
714 580 855 618 propter
864 569 949 604 aeris
958 569 1081 616 frigus,
1092 569 1189 615 quod
1206 567 1330 602 halitus
1339 569 1405 602 hos
1422 567 1641 616 constringit,
1656 566 1691 602 ὅ(
1710 565 1900 601 condensat
1911 588 1921 603 ,
1937 575 2028 612 quos

305 621 518 657 caloraestate
527 620 615 654 adeo
624 619 791 658 rarefacit,
801 617 837 653 &
847 626 1028 655 extenuat,
1046 626 1085 651 ut
1097 615 1207 650 visum
1216 615 1360 655 lateant,
1384 617 1501 650 donec
1515 615 1551 650 in
1562 616 1676 650 media
1693 615 1838 663 regione
1853 614 1938 650 aens
1953 623 2029 648 rur-

302 669 356 704 sus
364 670 383 704 a
398 670 527 718 frigore
535 667 699 703 condens
692 676 804 706 entur,
814 666 851 701 ὅς
858 665 912 701 vel
922 677 982 714 per
989 663 1232 713 antiperistasm
1243 686 1253 704 2
1269 665 1323 700 vel
1335 675 1396 712 per
1412 664 1559 699 nubium
1576 662 1760 699 occursum
1769 662 1824 699 vel
1838 663 2009 710 impetum
2016 683 2029 702 ,

303 728 344 753 ut
353 717 483 753 dictum
494 717 540 751 est
548 740 557 756 ‚
572 718 817 752 accendantur,
1335 718 1337 725 ’
2062 746 2064 750 ,

398 768 542 813 Qaeres
550 764 665 802 tertio.
716 764 813 811 Qid
821 762 1006 809 portendat
1012 762 1086 796 hoc
1094 760 1340 796 Meteororum
1350 771 1472 809 genus.
1496 759 1696 807 Respondet
1704 758 1924 793 Fromondus
1931 780 1941 797 ‚
1951 758 2028 794 dra-

301 825 411 850 cones
421 816 487 848 hos
503 813 662 848 volantes
685 811 776 861 figna
793 810 858 846 effe
874 810 1071 858 pestilentiae
1080 832 1090 849 2
1104 809 1140 844 ὃς
1156 811 1361 844 morborum
1370 832 1379 848 ,
1396 809 1475 856 quia
1488 814 1603 843 aerem
1617 807 1733 842 multis
1751 806 2028 842 exhalationibus

302 861 471 898 infeehim
482 860 548 897 effe
557 870 762 908 oportet,ut
770 869 872 895 tantae
881 858 1149 893 molismeteora
1164 867 1385 906 generentur.
1419 856 1694 904 Superstitiosum
1710 856 1794 892 vero
1811 854 1859 890 est
1870 878 1881 895 ,
1907 855 2027 890 crede-

299 922 341 946 re
349 912 416 945 hos
424 910 507 946 citra
515 910 636 944 mortis
645 908 838 957 pericu-lum
847 908 974 943 intueri
983 919 1057 943 non
1066 904 1178 954 poffe,
1195 905 1295 941 multi
1305 905 1397 942 enim
1407 906 1473 940 hos
1490 904 1681 953 spefiffirunt
1693 927 1703 944 ,
1721 904 1757 940 ὅ(
1774 902 1964 952 superstites
1977 902 2028 939 vi-

304 968 404 995 vune

399 1007 545 1053 Qaeres
560 1005 683 1053 quarto
694 1015 704 1043 ε
719 1007 775 1041 An
784 1005 889 1041 etiam
898 1015 949 1039 ars
958 1004 1149 1039 draconem
1163 1003 1341 1040 volantem
1350 1001 1502 1037 aemulari
1515 1001 1636 1037 valeat.
1661 1000 1869 1047 Respondeo
1880 997 2029 1034 affirma„

301 1055 385 1091 tive.
435 1056 542 1090 Sume
550 1055 644 1090 enirn
654 1053 824 1103 oblongas
834 1053 996 1101 corrigias
1004 1075 1014 1092 ,
1023 1053 1084 1087 has
1093 1052 1128 1087 in
1136 1064 1223 1100 aqua
1230 1052 1307 1088 vitae
1322 1051 1382 1095 (in
1393 1063 1460 1098 qua
1476 1060 1595 1085 tamen
1609 1058 1710 1085 antea
1726 1049 1915 1096 camphora
1927 1047 2032 1083 fuerit

300 1103 466 1149 resoluta)
477 1115 611 1138 macera
621 1116 632 1149 3
648 1103 731 1138 dein
741 1104 848 1138 farina
856 1102 942 1151 pyrii
950 1100 1101 1150 pulveris
1110 1100 1312 1150 consperge,
1320 1099 1550 1148 accensasque
1560 1110 1602 1135 ex
1611 1097 1707 1134 edito
1716 1097 1852 1133 dimitte
1864 1118 1876 1139 ‚
1900 1095 1937 1133 &
1954 1097 2030 1132 dra·

303 1163 434 1189 eonem
442 1152 620 1189 volantem
635 1149 829 1200 expreffisti.

600 1244 1192 1314 CONCLUSIO
1255 1237 1741 1310 POLITICA.

807 1335 1147 1409 Calumniis
1174 1359 1258 1406 ne
1276 1353 1557 1405 vmeans.

447 1447 461 1468 s
492 1433 499 1434 t
546 1429 586 1437 >⁴
1173 1412 1334 1446 ΔΓΙο-Ημ
1700 1428 1704 1431 .
1815 1427 1820 1429 b
1897 1420 1917 1424 a
1938 1422 1945 1424 -
1975 1414 2021 1441 -7

574 1460 585 1463 -
649 1467 674 1470 vv
772 1462 828 1465 ρ’
2020 1450 2021 1464 l

1955 3185 2049 3218 Meta
